3052 4887
1307 289 1388 352 19

185 483 465 568 effregit,
531 482 822 565 quamvis
882 482 1031 545 inde
1078 503 1192 565 per
1247 480 1406 545 alias
1462 504 1565 546 res
1620 485 1872 545 amotae
1927 482 2084 560 sint,
2149 503 2279 547 non
2338 486 2519 547 tene-

183 593 286 654 tur
348 589 541 665 furti;
602 611 753 652 nam
816 582 1130 653 maleficia
1177 587 1475 652 voluntas
1521 591 1589 651 et
1635 588 2042 671 propositum
2088 587 2519 672 delinquentis

180 696 586 780 distinguit«,
652 717 895 759 summo
950 695 1093 777 jure
1139 694 1209 757 in
1256 679 1668 777 quaestione,
1717 698 1933 758 utrum
1978 694 2166 757 unius
2215 717 2302 759 an
2356 695 2518 759 alte-

180 801 306 866 rius
355 801 568 865 delicti
614 801 853 885 privati
900 802 985 865 sit
1031 801 1229 878 locuS‚
1278 800 1438 864 haec
1484 801 1809 865 sententia
1866 794 2150 878 obtinet,
2217 799 2282 863 id
2328 822 2518 884 repu-

178 894 441 972 tandum
489 931 625 972 esse
671 908 740 971 in
789 907 1359 985 animadversione,
1408 906 1463 969 si
1511 906 1774 971 effectus
1805 906 2111 971 facinoris
2150 907 2221 999 in
2266 906 2519 972 diversa

177 1013 445 1097 flagitia,
496 1051 581 1060 —-
628 1013 797 1097 quod
843 1013 1179 1096 praecipue
1224 1013 1294 1075 111
1340 1010 1872 1079 coutrectationis
1920 1017 1985 1076 et
2033 1013 2302 1078 actionis
2349 1012 2520 1097 inju-

176 1119 380 1183 riosae
426 1120 693 1184 notione
740 1120 1080 1184 admodum
1125 1119 1374 1184 incerta
1432 1119 1686 1182 evenire
1744 1119 1917 1183 infra
1974 1118 2181 1183 adhuc
2240 1122 2519 1202 eXpone—

178 1224 311 1288 mus
362 1262 445 1271 -—
502 1228 775 1309 spectet,
836 1226 903 1289 id
960 1225 1390 1309 reputandum
1450 1247 1587 1290 esse
1642 1225 1817 1306 dico,
1891 1249 2016 1309 quo
2079 1227 2323 1304 animo,
2394 1249 2521 1310 qua

178 1332 509 1396 voluntate
557 1332 841 1396 nefarius
887 1355 1022 1396 rem
1071 1332 1149 1396 ad
1215 1313 1460 1396 exitum
1505 1332 1893 1416 perduxerit.
1997 1331 2139 1397 Hac
2186 1333 2357 1398 enim
2405 1334 2517 1398 de-

177 1459 348 1503 mum
403 1438 780 1503 maleficium
798 1487 813 1516 ‚
882 1439 1186 1503 delictum
1248 1439 1576 1523 privatum
1636 1439 2015 1523 significari:
2087 1438 2254 1503 Dum
2317 1439 2520 1524 igitur

170 1543 271 1626 jus
345 1549 632 1610 veterum
702 1567 779 1609 ex
848 1567 1018 1609 mere
1092 1545 1426 1627 objectivis
1495 1545 1866 1609 rationibus
1934 1546 2233 1611 effectum
2312 1547 2518 1623 solum

176 1651 579 1734 respiciebat,
621 1651 758 1734 jam
798 1651 904 1733 jus
953 1651 1280 1715 criminale
1319 1651 1760 1721 Romanorum
1807 1653 2134 1734 posterius
2173 1653 2242 1715 in
2289 1674 2363 1717 eo
2402 1657 2517 1731 est,

177 1760 246 1819 ut
290 1758 361 1820 in
409 1757 660 1821 delictis
720 1757 992 1840 privatis
1038 1758 1336 1822 voluntas
1394 1757 1807 1840 respiciatur!
1902 1758 2233 1847 Hocmodo
2295 1759 2521 1843 regula

176 1861 249 1925 de
295 1863 569 1947 privatis
629 1868 888 1928 tantum
947 1863 1200 1927 delictis
1259 1865 1339 1927 ab
1399 1863 1733 1928 Hadriano
1789 1864 2040 1927 videtur
2094 1864 2247 1929 lata.
2341 1865 2520 1937 Haec

174 1969 432 2052 quidem
480 1992 516 2033 a
563 1970 900 2055 principi0‚
949 1970 1122 2053 quod
1170 1964 1459 2034 Romano
1506 1970 1574 2033 in
1623 1970 1767 2053 jure
1813 1971 2090 2057 inveniri
2145 1993 2519 2054 persuasum

171 2073 498 2154 habemuS,
533 2077 850 2159 objectivo
883 2076 1146 2140 minime
1180 2076 1503 2152 abhorret,
1554 2060 1996 2169 consummata
2029 2081 2282 2153 tantum
2316 2077 2519 2142 viola-

175 2180 350 2263 tione
398 2185 464 2245 et
511 2185 805 2246 exstante
851 2182 1169 2265 objectiva
1206 2166 1500 2246 ¹criminis
1552 2183 1805 2246 demum
1851 2186 2037 2266 parte
2069 2183 2355 2265 puniisse
2387 2183 2519 2246 Ro-

174 2309 418 2353 manos.
525 2288 925 2372 Quamquam
985 2311 1062 2353 ex
1107 2272 1303 2353 causa
1361 2284 1503 2367 illa,
1567 2311 1756 2372 quam
1801 2289 1931 2372 jam
1978 2289 2517 2372 praemonuimuS‚

173 2394 400 2461 deinde
446 2399 716 2479 propter
747 2395 832 2472 id,
884 2395 1054 2479 quod
1100 2395 1168 2459 in
1201 2395 1450 2459 delictis
1481 2395 1774 2490 privatis,
1824 2395 2343 2480 quandoquidem
2388 2415 2542 2459 non‘

169 2489 514 2585 tantopere
541 2525 576 2565 a
593 2502 737 2585 jure
762 2502 1165 2585 privatorum
1196 2502 1673 2598 elegantissime
1706 2524 1781 2565 ac
1812 2502 2230 2566 subtilissime
2263 2503 2518 2566 exculto

172 2607 384 2672 aliena
432 2613 603 2687 sunt,
652 2606 994 2692 diligenter
1042 2608 1362 2692 principia
1421 2609 1734 2691 quaedam
1793 2609 2135 2672 observata
2181 2608 2375 2672 fuisse
2423 2609 2520 2671 vi-

169 2714 421 2800 dentur,
472 2713 652 2778 illam
697 2714 1015 2778 Hadriani
1060 2714 1399 2798 Paullique
1446 2716 1735 2799 regulam
1784 2714 1888 2778 hic
1921 2715 2366 2779 tantummodo
2401 2715 2515 2778 ob-

169 2819 464 2884 tinuiisse
524 2821 879 2890 veresimile
938 2824 1067 2897 est3
1146 2843 1280 2886 non
1349 2824 1485 2884 tam
1549 2821 1865 2884 tenaciter
1935 2823 2315 2905 argumento
2382 2819 2516 2897 illo,

167 2927 341 3009 quod
388 2927 630 3003 dicunt,
680 2948 713 2989 e
759 2928 1084 2991 contrario
1118 2928 1486 3005 niteremur,
1538 2950 1665 3010 qua
1696 2928 1999 2991 nimirum
2045 2949 2190 2992 cum
2222 2926 2518 2990 cautione

168 3033 449 3115 quadam
519 3054 592 3097 ac
660 3032 1098 3098 moderatione
1163 3034 1260 3097 uti
1326 3035 1396 3097 in
1454 3034 1942 3116 interpretando
2005 3054 2270 3116 corpore
2330 3032 2513 3096 Juris

163 3138 338 3217 licet,
388 3142 458 3203 et
503 3139 991 3204 concederemus
1041 3140 1236 3204 etiam
1282 3140 1351 3203 in
1397 3140 1544 3203 aliis
1583 3140 1748 3223 juris
1795 3139 2255 3203 violationibus
2287 3138 2516 3201 volun-

168 3249 368 3309 tatem
420 3250 488 3309 et
533 3245 726 3308 finem
787 3268 912 3329 quo
975 3246 1232 3324 tendat,
1297 3246 1679 3329 respiciatur
1738 3267 1995 3309 necesse
2055 3266 2222 3323 esse,
2288 3246 2384 3308 ita
2442 3248 2517 3308 ut

164 3352 444 3435 exempli
489 3351 707 3435 gratia
755 3373 918 3435 quae
977 3352 1063 3417 sit
1106 3352 1407 3417 voluntas
1468 3353 1635 3435 ejus,
1698 3352 1810 3435 qui
1867 3351 2234 3417 incendium
2293 3350 2517 3415 fecisse

162 3458 438 3536 dicatur,
488 3457 867 3541 inquisitum
913 3458 1018 3522 sit.
1078 3458 1256 3523 Haec
1303 3458 1562 3542 quidem
1608 3458 1736 3522 alia
1783 3458 2093 3542 quaesti0.
2165 3458 2342 3542 Ergo
2374 3479 2519 3522 sen-

165 3566 405 3631 tentia:
466 3565 576 3628 »in
619 3564 949 3628 maleficiis
996 3566 1294 3629 voluntas
1319 3568 1742 3648 spectatum«
1816 3564 2168 3628 »maleficia
2215 3565 2517 3628 voluntas

162 3676 229 3735 et
297 3670 712 3757 propositum
780 3670 1166 3755 distinguit«
1243 3670 1332 3734 ni]
1394 3671 1723 3755 significat
1807 3669 1963 3733 nisi:
2053 3668 2378 3733 Romanos
2447 3670 2518 3733 in

162 3777 756 3843 animadvertendis
825 3777 1076 3841 delictis
1143 3780 1208 3840 et
1275 3777 1497 3841 forsan
1557 3776 1927 3841 criminibus
1989 3798 2243 3860 quoque
2304 3780 2517 3840 extra-

161 3885 516 3950 ordinariis
598 3883 954 3966 improbam
1035 3883 1430 3947 voluntatem
1517 3883 1905 3966 spectavisse
1921 3882 1999 3964 ¹);
2088 3882 2515 3966 inquisivisse,

345 4060 385 4127 ¹)
429 4060 503 4115 cf.
543 4058 817 4114 Kritische
853 4058 1199 4113 Jahrbficher
1222 4059 1311 4113 fiir
1336 4057 1936 4125 Rechtswissenschaft,
1973 4058 2015 4111 Ι.
2040 4059 2330 4129 Jahrgang
2352 4057 2405 4128 p.
2429 4059 2516 4112 45.

156 4151 230 4205 ad
262 4149 480 4215 Luden,
520 4147 897 4217 Abhandlung
931 4165 1032 4202 aus
1068 4148 1194 4202 dem
1231 4164 1374 4218 gem.
1412 4149 1464 4202 d.
1502 4146 1706 4202 stu-R.
1780 4147 1845 4202 V.
1866 4148 2157 4218 Jahrgang
2183 4148 2337 4214 1841,
2374 4164 2518 4216 quae

156 4241 362 4310 Abegg
397 4240 470 4293 de
505 4237 804 4291 Zachariae
840 4236 1013 4291 libro:
1048 4236 1150 4290 Die
1186 4236 1359 4291 Lehre
1393 4254 1520 4291 vom
1547 4235 1791 4291 Vei-such
1826 4237 1921 4291 der
1949 4234 2311 4291 Verbrechen.
2347 4255 2401 4305 p.
2431 4236 2515 4289 53.

155 4348 209 4400 p.
252 4331 322 4382 54
362 4323 610 4398 exponit.

2088 4412 2163 4465 2*
