3052 4887
1049 1347 1667 1416 IN'I'RODUGTIO.

365 1477 546 1552 Quod
605 1477 683 1540 de
734 1477 879 1559 jure
941 1477 1201 1540 omnino
1264 1476 1603 1540 dicendum
1650 1479 1779 1554 est,
1830 1477 2148 1539 diversum
2194 1474 2350 1538 illud
2398 1496 2535 1538 esse

189 1583 451 1647 diversis
507 1582 809 1658 saeculis,
873 1581 996 1646 hoc
1057 1582 1252 1646 etiam
1310 1582 1376 1645 in
1431 1583 1578 1665 jure
1636 1583 1953 1646 criminali
1966 1579 2013 1664 l)
2037 1583 2046 1588 ’
2074 1582 2343 1646 obtinet.
2435 1581 2533 1645 Ea

187 1693 440 1753 tantum
471 1689 758 1767 violatio,
807 1710 972 1771 quae
1005 1710 1198 1771 quum
1230 1711 1376 1752 vere
1409 1688 1803 1752 extrinsecus
1836 1689 2139 1752 damnum
2171 1689 2256 1751 sit
2297 1691 2529 1764 ortum,

187 1796 358 1860 illico
408 1795 685 1878 perspici
729 1798 965 1877 potest,
1018 1795 1488 1877 antiquioribus
1521 1795 1887 1859 vindicatur
1917 1795 2334 1878 temporibuS,
2384 1794 2533 1857 dum

188 1904 348 1966 fines
395 1902 731 1980 bonorum,
781 1924 942 1985 quae
989 1906 1142 1965 sunt
1189 1924 1227 1964 a
1264 1902 1408 1984 jure
1455 1903 1728 1980 tuenda,
1779 1902 2279 1985 amplificantur,
2343 1900 2535 1964 simul

180 2009 286 2090 jus
333 2008 666 2073 criminale
712 2009 970 2092 longius
1010 2009 1146 2091 jam
1179 2029 1592 2091 progressum
1640 2010 1753 2072 est.
1819 2007 1955 2072 Nec
2001 2009 2070 2071 in
2108 2008 2274 2091 juris
2321 2006 2534 2070 crimi-

186 2116 354 2180 nalis
412 2115 745 2179 cunabulis
806 2114 1140 2197 initiisque
1185 2136 1287 2177 res
1334 2115 1416 2177 ab
1464 2115 1831 2179 hominibus
1879 2120 2129 2199 gestae,
2180 2135 2343 2196 quae
2389 2135 2537 2177 vere

186 2222 339 2299 sint,
388 2222 876 2285 considerantur
922 2226 987 2283 et
1035 2220 1475 2298 aestimantur,
1526 2222 1772 2285 scilicet
1816 2221 2010 2299 taleS,
2074 2224 2147 2284 ut
2200 2221 2281 2283 iis
2327 2220 2537 2284 mani-

186 2328 461 2392 festetur
521 2327 851 2391 hominum
914 2327 1181 2391 libertas
1243 2349 1316 2390 ac
1375 2328 1677 2391 voluntas
1740 2328 1839 2391 sui
1894 2327 2064 2391 haud
2124 2328 2359 2405 inscia,
2427 2328 2537 2391 sed

185 2435 395 2500 solum
442 2438 760 2519 apparent
806 2433 999 2511 facta,
1050 2456 1212 2517 quae
1258 2433 1326 2497 in
1375 2437 1723 2518 conspectu
1754 2434 2088 2499 hominum
2119 2434 2332 2517 posita
2363 2437 2533 2498 sunt.

184 2541 363 2606 Haec
425 2541 889 2625 contemplatio
948 2564 1192 2621 rerum,
1262 2563 1422 2624 (11136
1480 2541 1560 2604 ad
1617 2542 1723 2624 jus
1792 2541 2123 2605 criminale
2185 2541 2535 2624 pertinent,

184 2649 434 2712 tamdiu
494 2649 797 2724 valuerit,
859 2648 1165 2731 quamdiu
1222 2647 1494 2711 liberam
1557 2670 1690 2720 esse
1745 2648 2148 2711 voluntatem
2206 2647 2539 2734 hominum

182 2757 476 2820 nondum
521 2755 736 2838 palam
784 2759 907 2830 est,
959 2754 1070 2817 sed
1115 2754 1468 2836 subjectam
1516 2776 1657 2816 eam
1705 2776 1840 2817 esse
1889 2757 2081 2836 atque
2126 2757 2373 2817 rectam
2417 2774 2538 2835 pu-
2625 2791 2628 2796 -

182 2866 362 2926 tatur
424 2862 595 2939 fato,
661 2860 831 2943 quod
879 2860 1120 2924 evitare
1177 2882 1309 2924 non
1356 2860 1566 2924 liceat.
1661 2858 2020 2924 Secundum
2078 2859 2539 2924 theocraticam

180 2974 254 3034 ut
301 2970 401 3032 ita
449 2968 660 3031 dicam
706 2967 1317 3043 considerationem,
1369 2988 1565 3049 quom
1614 2968 1693 3030 ab
1741 2967 1852 3029 illo
1899 2966 2162 3030 numine
2208 2966 2392 3048 quasi
2438 2966 2538 3029 in-

181 3077 414 3140 ductus
467 3074 609 3157 quis
654 3096 772 3138 nec
819 3073 958 3137 sine
1006 3074 1281 3156 quadam
1341 3073 1541 3157 ipsius
1597 3074 1935 3137 voluntate
1994 3095 2144 3137 mox
2202 3074 2535 3151 bonorum,

178 3204 333 3247 mox
381 3182 702 3245 malorum
748 3180 1150 3264 praebuisset
1197 3202 1482 3258 causam,
1530 3180 1659 3242 illis
1711 3180 1937 3243 iisdem
1982 3180 2172 3243 factis
2221 3185 2335 3243 aut
2378 3181 2539 3243 bene

180 3289 489 3354 meritum
539 3309 673 3351 esse
723 3291 836 3350 aut
881 3309 1117 3350 noxam
1164 3309 1308 3350 eum
1354 3287 1605 3350 dedisse
1652 3291 1715 3351 et
1764 3290 1876 3350 aut
1938 3287 2210 3370 probum
2258 3291 2371 3349 aut
2418 3287 2538 3349 im-

179 3396 463 3479 probum
510 3416 666 3470 esse,
716 3394 1236 3476 pronuntiavisse
1282 3416 1518 3458 numen
1567 3393 1778 3477 ipsum
1826 3416 1899 3458 ac
1945 3396 2150 3458 fatum
2182 3393 2537 3457 videbatur.

177 3503 284 3567 Ita
333 3502 514 3566 enim
568 3499 737 3564 hanc
791 3523 924 3563 rem
986 3500 1505 3564 considerabant:
1580 3523 1814 3564 numen
1880 3500 2399 3583 potentissimum
2465 3521 2539 3562 ac

169 3609 613 3693 justissimum
659 3629 816 3685 esse,
867 3628 1063 3689 quare
1109 3606 1301 3670 homo
1347 3607 1491 3684 iste,
1541 3607 1596 3671 si
1644 3607 1900 3689 quidem
1946 3607 2202 3696 probus
2232 3628 2305 3670 ac
2350 3605 2539 3669 bonis

176 3716 474 3781 moribus
525 3717 727 3790 esset,
778 3713 981 3777 scelus
1027 3736 1158 3777 non
1207 3714 1673 3801 commisisset&

358 3822 606 3887 Verum
652 3821 719 3882 in
759 3820 903 3903 jure
929 3870 944 3899 ,
993 3820 1415 3904 quodcunque
1464 3821 1557 3884 sic
1603 3820 1851 3884 facinus
1883 3820 2094 3903 ipsum
2126 3822 2190 3882 et
2221 3818 2540 3883 visibilem

175 3930 627 4005 violationem,
678 3930 751 3990 ut
798 3948 875 3990 ex
921 3930 1144 3990 nostro
1190 3949 1309 3990 usu
1355 3926 1582 4005 dicam,
1632 3928 2011 4010 objectivam
2057 3925 2345 3989 criminis
2392 3947 2541 4008 par-

175 4044 311 4103 tem
361 4033 824 4100 animadvertit
869 4056 986 4097 nec
1031 4034 1297 4116 respicit
1342 4034 1746 4097 voluntatem
1792 4033 2182 4116 improbam3
2232 4055 2306 4096 ea
2348 4031 2541 4095 nimi-

175 4169 324 4209 rum
356 4146 622 4208 tantum
652 4139 855 4217 facta,
910 4162 1073 4222 quae
1105 4162 1251 4204 vere
1285 4141 1606 4223 quendam
1636 4140 2057 4217 violaverint,
2108 4139 2323 4223 puniri
2355 4160 2541 4220 posse

365 4375 405 4444 ¹)
450 4372 523 4428 cf.
563 4370 733 4426 etiam
769 4370 929 4437 R-ein,
967 4369 1224 4425 Crim.-R.
1262 4371 1360 4425 der
1394 4369 1597 4425 Δ3611161·
1631 4389 1686 4440 p.
1725 4370 1795 4423 24
1831 4387 1911 4437 sq.

2151 4457 2224 4511 1*
