3052 4887
1203 318 1625 417 maa-m.

237 508 479 584 bimuS,
543 509 796 572 etiamsi
857 512 922 572 et
982 509 1190 592 ipsam
1251 532 1440 593 quom
1504 511 1676 594 apud
1737 511 1974 575 multas
2034 514 2262 595 gentes
2323 512 2460 609 tum
2519 508 2588 571 in

241 618 499 679 nostrae
546 615 935 697 reipublicae
981 615 1387 700 legislatione
1435 617 1798 700 neglectam
1845 616 2149 681 videmus.

1192 844 1634 912 Gap.111.

937 968 1116 1035 Jus
1185 968 1886 1035 Borussicum.

1129 1126 1259 1181 Jus
1308 1125 1697 1195 antiquum.

1338 1236 1486 1314 §9-

414 1358 532 1423 Jus
580 1360 978 1442 superiorum
1027 1360 1284 1442 quidem
1330 1363 1695 1443 temporum
1742 1358 2165 1437 Borussicum‚
2217 1360 2387 1443 quod
2433 1381 2585 1424 con-

234 1466 481 1530 tinetur
528 1466 970 1530 sanctionibus
1018 1467 1175 1546 iuris
1220 1466 1629 1530 territorialis
1663 1466 1732 1530 P.
1769 1465 1852 1544 II,
1902 1466 1953 1529 ti
2002 1467 2106 1544 20,
2156 1465 2582 1549 subjectivum

237 1573 534 1636 observat
592 1570 1008 1655 principium,
1078 1572 1382 1655 quoniam
1442 1575 1480 1652 ξ
1529 1574 1614 1637 40
1671 1573 2059 1656 generaliter
2113 1573 2183 1635 in
2247 1573 2584 1636 conamina

240 1678 662 1743 animadverti
711 1678 853 1742 vult
909 1701 982 1742 ac
1042 1701 1194 1742 sane
1242 1679 1309 1742 in
1358 1683 1662 1743 conatum
1709 1682 2056 1756 remotum,
2114 1678 2184 1742 in
2239 1700 2584 1762 praepara-

237 1785 481 1848 tionem
528 1785 747 1848 delicti
795 1785 856 1866 (ἓ
905 1785 1017 1867 42)
1077 1786 1371 1868 inprimis
1429 1789 1731 1849 conatum
1780 1784 2251 1850 interfectionis
2298 1786 2333 1867 ἓ
2384 1787 2578 1849 838a.

235 1891 455 1955 Poena
501 1890 672 1955 enim
718 1891 1156 1975 persequitur,
1217 1896 1291 1955 ut
1337 1892 1407 1955 in
1451 1891 1487 1974 ἓ
1535 1894 1618 1956 42
1667 1891 1969 1975 legimuS,
2030 1913 2300 1974 pravam
2355 1891 2582 1955 volun-

235 2001 442 2061 tatem
503 1998 656 2080 (quo
712 1998 918 2082 magis
979 1997 1064 2061 sit
1122 2020 1462 2084 progressa
1526 1999 1607 2061 ad
1682 2021 1899 2063 veram
1968 1999 2580 2063 consummationem

237 2103 542 2181 criminiS,
594 2104 745 2168 dum
791 2107 829 2183 ξ
863 2105 948 2168 43
997 2103 1286 2186 alioquin
1333 2104 1734 2187 poenitentia
1768 2104 1999 2169 efficax
2033 2129 2069 2169 a
2101 2127 2310 2189 poena
2351 2105 2584 2168 liberat

238 2210 499 2291 (minen
545 2209 889 2294 Anspruch
938 2210 1049 2274 auf
1094 2210 1575 2295 Begnadigung
1622 2210 2008 2296 gewahrt«).
2174 2238 2212 2266 «-

417 2316 671 2380 Crimen
718 2315 1100 2400 prohibetur
1156 2317 1344 2380 modo
1393 2339 1544 2380 casu
1591 2317 1900 2400 quodam,
1955 2317 2146 2381 modo
2193 2316 2422 2400 ipsius,
2472 2316 2583 2401 qui

236 2424 476 2488 crimen
524 2424 824 2506 perficere
871 2423 1145 2501 volebat,
1195 2446 1467 2500 recessu,
1501 2423 1638 2488 illic
1669 2423 2064 2507 puniendum
2098 2427 2196 2488 est
2236 2423 2343 2489 hic
2373 2447 2583 2508 poena

235 2535 452 2614 potest
497 2531 822 2594 removeri.
888 2530 1064 2594 Haec
1109 2534 1328 2594 tamen
1375 2532 1603 2594 efficax
1651 2530 2055 2614 poenitentia
2086 2553 2122 2594 a
2154 2535 2379 2594 nostro
2428 2553 2577 2614 pro-

233 2638 449 2721 posito
507 2639 605 2700 est
664 2636 892 2700 aliena.
988 2637 1173 2711 Quod
1231 2637 1312 2700 ad
1359 2637 1638 2701 alterum
1685 2637 1924 2701 attinet
1970 2659 2186 2701 casum
2210 2687 2224 2715 ,
2280 2638 2581 2702 voluntas

237 2744 392 2827 ejus,
444 2743 554 2827 qui
600 2742 865 2826 suscipit
900 2729 1152 2807 *crimen
1200 2744 1481 2807 cernitur
1528 2743 1595 2806 in
1645 2744 2022 2822 actionibUS,
2066 2766 2229 2828 quae
2278 2745 2359 2808 ad
2392 2766 2579 2808 even—

233 2853 373 2913 tum
418 2850 730 2932 injustum
775 2849 1070 2914 tendunt.
1138 2850 1308 2925 Quas
1355 2855 1593 2927 tamen,
1645 2851 2118 2934 qualescunque
2165 2851 2407 2914 fuerint
2439 2851 2581 2935 qui-

233 2958 397 3032 dem,
447 2955 727 3019 noluisse
775 2966 917 3019 eum
963 2956 1173 3020 facere
1221 2960 1510 3040 apparet.
1582 2955 1891 3021 Attamen
1938 2957 2112 3020 facta
2159 2978 2293 3022 esse
2341 2979 2580 3042 suppo-

237 3062 521 3126 nendum
569 3065 685 3138 est,
737 3084 900 3146 quae
947 3063 1084 3126 sine
1130 3063 1464 3126 voluntate
1525 3085 1661 3126 esse
1708 3067 2050 3147 nequeant.
2144 3063 2318 3147 Ergo
2366 3064 2581 3127 dicen-

231 3170 382 3233 dum
433 3170 528 3230 est
575 3190 736 3248 eum,
789 3168 897 3251 qui
942 3168 1278 3232 inutilibus
1325 3169 1773 3233 instrumentis
1815 3172 2055 3246 utatur,
2104 3169 2260 3233 talia
2291 3169 2579 3234 facinora

228 3275 422 3340 modo
480 3273 697 3358 qualia
758 3274 891 3337 sint
938 3274 1108 3337 haud
1154 3275 1415 3350 idonea,
1479 3275 1760 3341 noluisse
1817 3279 2218 3359 perpetrare,
2282 3275 2575 3354 voluisse,

227 3404 398 3465 quae
446 3379 578 3444 sint
624 3379 886 3455 idonea;
935 3381 1004 3443 in
1051 3381 1172 3445 hac
1221 3381 1479 3465 quidem
1526 3382 1793 3465 propria
1839 3381 2145 3447 facinoris
2192 3384 2424 3446 natura
2472 3404 2576 3445 ca-

228 3511 336 3553 sus
353 3484 402 3569 ¹)
462 3508 597 3550 esse
652 3508 726 3551 ac
785 3508 1057 3571 regnare
1107 3488 1244 3572 jam
1301 3488 1544 3571 coepit,
1607 3492 1865 3554 exstant
1926 3488 2094 3552 enim
2154 3488 2222 3552 in
2270 3489 2575 3566 facinore,

229 3594 407 3679 quod
455 3592 680 3669 voluit,
730 3594 1065 3676 quaedam,
1117 3616 1279 3678 quae
1325 3616 1460 3658 non
1498 3595 1638 3677 jam
1684 3594 1754 3658 in
1800 3599 2026 3659 nostra
2073 3594 2407 3659 voluntate
2454 3594 2580 3657 sita

229 3705 403 3766 sunt.
456 3737 543 3745 -—-
589 3699 764 3784 Ergo
813 3699 1236 3764 inutilitatem
1284 3721 1538 3784 quoque
1584 3701 1741 3764 facti
1789 3706 2047 3783 oportet
2093 3700 2348 3765 notioni
2396 3722 2577 3765 casus

227 3806 509 3874 attribui
555 3810 620 3871 et
665 3810 1008 3890 propterea
1073 3808 1330 3889 quidem
1378 3807 1718 3871 dicendum
1764 3810 1962 3886 esset,
2011 3807 2206 3871 etiam
2254 3810 2574 3886 conatum,

412 4089 451 4157 1)
492 4094 521 4153 ξ
559 4090 646 4144 40.
690 4090 834 4145 »Hat
869 4092 967 4145 der
992 4090 1202 4145 Thater
1236 4108 1332 4144 zur
1358 4090 1722 4161 Vollziehung
1745 4091 1836 4145 des
1863 4090 2233 4146 Verbrechens
2259 4107 2367 4146 von
2402 4089 2580 4144 seiner

226 4181 382 4237 Seite
419 4179 556 4234 alles
595 4179 818 4249 gethan,
856 4179 946 4233 die
982 4198 1105 4233 zum
1130 4179 1332 4242 Wesen
1369 4180 1465 4234 der
1500 4180 1646 4233 straf
1649 4181 1821 4234 baren
1860 4180 2159 4251 Handlung
2195 4178 2579 4234 erforderliche

226 4270 521 4337 Wirkung
549 4269 681 4322 aber
716 4268 790 4322 ist
825 4268 999 4322 durch
1034 4267 1195 4322 einen
1235 4268 1457 4323 »blosen
1492 4268 1705 4322 Zufall‹
1748 4269 2061 4324 verbindert
2096 4269 2336 4332 worden,
2384 4284 2441 4321 so
2477 4268 2577 4321 hat

225 4377 285 4415 er
311 4357 594 4428 diejenige
618 4356 819 4422 Strafe,
842 4357 1049 4412 welche
1073 4359 1168 4412 der
1193 4357 1571 4413 ordentlichen
1596 4373 1687 4411 am
1710 4358 1976 4413 nachsten
1998 4357 2227 4420 kommt‚
2267 4355 2574 4411 verwirkt.‹
