<?xml version="1.0" encoding="UTF-8"?>
<!DOCTYPE html PUBLIC "-//W3C//DTD XHTML 1.0 Transitional//EN"
    "http://www.w3.org/TR/xhtml1/DTD/xhtml1-transitional.dtd">
<html xmlns="http://www.w3.org/1999/xhtml" xml:lang="en" lang="en">
 <head>
  <title>
</title>
<meta http-equiv="Content-Type" content="text/html;charset=utf-8" />
  <meta name='ocr-system' content='tesseract 3.04.00' />
  <meta name='ocr-capabilities' content='ocr_page ocr_carea ocr_par ocr_line ocrx_word'/>
</head>
<body>
  <div class='ocr_page' id='page_1' title='image "./quaestiojuriscr00roetgoog_0051.png"; bbox 0 0 3052 4887; ppageno 0'>
   <div class='ocr_carea' id='block_1_1' title="bbox 68 65 2562 97">
    <p class='ocr_par' dir='ltr' id='par_1_1' title="bbox 68 65 2562 97">
     <span class='ocr_line' id='line_1_1' title="bbox 68 65 2562 97; baseline 0.001 -19"><span class='ocrx_word' id='word_1_1' title='bbox 68 66 113 95; x_wconf 52' lang='lat' dir='ltr'>:r</span> <span class='ocrx_word' id='word_1_2' title='bbox 132 66 227 71; x_wconf 44' lang='grc' dir='ltr'><strong>-Ἷ--τ-ή</strong></span> <span class='ocrx_word' id='word_1_3' title='bbox 256 66 263 71; x_wconf 83' lang='grc'><em>·</em></span> <span class='ocrx_word' id='word_1_4' title='bbox 290 66 299 69; x_wconf 57' lang='lat'><em>⁷</em></span> <span class='ocrx_word' id='word_1_5' title='bbox 418 66 426 78; x_wconf 80' lang='grc' dir='ltr'><strong><em>ι</em></strong></span> <span class='ocrx_word' id='word_1_6' title='bbox 622 66 625 71; x_wconf 93' lang='grc'><strong><em>·</em></strong></span> <span class='ocrx_word' id='word_1_7' title='bbox 804 66 811 71; x_wconf 83' lang='grc'><em>·</em></span> <span class='ocrx_word' id='word_1_8' title='bbox 1228 65 1347 73; x_wconf 47' lang='grc' dir='ltr'>-ῡ</span> <span class='ocrx_word' id='word_1_9' title='bbox 1498 65 2382 97; x_wconf 31' lang='lat' dir='ltr'>uvvwrr-*fflr--r-——mw-n-r-vf—</span> <span class='ocrx_word' id='word_1_10' title='bbox 2441 84 2446 89; x_wconf 86' lang='lat'>.</span> <span class='ocrx_word' id='word_1_11' title='bbox 2495 82 2498 83; x_wconf 23' lang='lat'><em>⁷</em></span> <span class='ocrx_word' id='word_1_12' title='bbox 2549 78 2562 81; x_wconf 29' lang='lat' dir='ltr'>ff</span> 
     </span>
    </p>
   </div>
   <div class='ocr_carea' id='block_1_2' title="bbox 1325 422 1483 486">
    <p class='ocr_par' dir='ltr' id='par_1_2' title="bbox 1325 422 1483 486">
     <span class='ocr_line' id='line_1_2' title="bbox 1325 422 1483 486; baseline -0.044 0"><span class='ocrx_word' id='word_1_13' title='bbox 1325 422 1483 486; x_wconf 33' lang='lat'>432</span> 
     </span>
    </p>
   </div>
   <div class='ocr_carea' id='block_1_3' title="bbox 1266 511 1578 522">
    <p class='ocr_par' dir='ltr' id='par_1_3' title="bbox 1266 511 1578 522">
     <span class='ocr_line' id='line_1_3' title="bbox 1266 511 1578 522; baseline 0 4365"><span class='ocrx_word' id='word_1_14' title='bbox 1266 511 1578 522; x_wconf 95' lang='lat' dir='ltr'> </span> 
     </span>
    </p>
   </div>
   <div class='ocr_carea' id='block_1_4' title="bbox 94 612 2586 2063">
    <p class='ocr_par' dir='ltr' id='par_1_4' title="bbox 94 612 2586 2063">
     <span class='ocr_line' id='line_1_4' title="bbox 106 612 2534 700; baseline 0.001 -23"><span class='ocrx_word' id='word_1_15' title='bbox 106 674 111 677; x_wconf 83' lang='grc'><strong>,</strong></span> <span class='ocrx_word' id='word_1_16' title='bbox 192 615 492 694; x_wconf 87' lang='lat' dir='ltr'>suscepta</span> <span class='ocrx_word' id='word_1_17' title='bbox 551 614 668 693; x_wconf 76' lang='lat' dir='ltr'>sit,</span> <span class='ocrx_word' id='word_1_18' title='bbox 732 614 939 700; x_wconf 90' lang='lat' dir='ltr'>qualis</span> <span class='ocrx_word' id='word_1_19' title='bbox 999 617 1194 680; x_wconf 78' lang='lat' dir='ltr'>semel</span> <span class='ocrx_word' id='word_1_20' title='bbox 1251 615 1367 691; x_wconf 65' lang='lat' dir='ltr'>sit.</span> <span class='ocrx_word' id='word_1_21' title='bbox 1431 612 1734 680; x_wconf 77' lang='lat' dir='ltr'>absolute</span> <span class='ocrx_word' id='word_1_22' title='bbox 1782 619 2002 698; x_wconf 78' lang='lat' dir='ltr'>uptam</span> <span class='ocrx_word' id='word_1_23' title='bbox 2058 639 2194 680; x_wconf 89' lang='lat' dir='ltr'>esse</span> <span class='ocrx_word' id='word_1_24' title='bbox 2250 616 2534 700; x_wconf 88' lang='lat' dir='ltr'>ponitur,</span> 
     </span>
     <span class='ocr_line' id='line_1_5' title="bbox 94 721 2538 809; baseline 0.002 -27"><span class='ocrx_word' id='word_1_25' title='bbox 94 804 97 809; x_wconf 8' lang='grc' dir='ltr'><strong><em>θ</em></strong></span> <span class='ocrx_word' id='word_1_26' title='bbox 192 741 319 803; x_wconf 90' lang='lat' dir='ltr'>qua</span> <span class='ocrx_word' id='word_1_27' title='bbox 365 723 662 785; x_wconf 85' lang='lat' dir='ltr'>eventum</span> <span class='ocrx_word' id='word_1_28' title='bbox 722 722 977 804; x_wconf 81' lang='lat' dir='ltr'><strong>assequi</strong></span> <span class='ocrx_word' id='word_1_29' title='bbox 1032 722 1370 806; x_wconf 86' lang='lat' dir='ltr'>possimus.</span> <span class='ocrx_word' id='word_1_30' title='bbox 1463 721 1691 804; x_wconf 82' lang='lat' dir='ltr'>Neque</span> <span class='ocrx_word' id='word_1_31' title='bbox 1752 722 1925 786; x_wconf 89' lang='lat' dir='ltr'>enim</span> <span class='ocrx_word' id='word_1_32' title='bbox 1983 723 2037 786; x_wconf 86' lang='lat' dir='ltr'>is</span> <span class='ocrx_word' id='word_1_33' title='bbox 2056 772 2070 798; x_wconf 91' lang='lat'>,</span> <span class='ocrx_word' id='word_1_34' title='bbox 2136 722 2248 806; x_wconf 91' lang='lat' dir='ltr'>qui</span> <span class='ocrx_word' id='word_1_35' title='bbox 2307 724 2538 787; x_wconf 86' lang='lat' dir='ltr'>veneni</span> 
     </span>
     <span class='ocr_line' id='line_1_6' title="bbox 188 825 2536 911; baseline 0.001 -21"><span class='ocrx_word' id='word_1_36' title='bbox 188 826 385 890; x_wconf 90' lang='lat' dir='ltr'>nimis</span> <span class='ocrx_word' id='word_1_37' title='bbox 440 825 694 890; x_wconf 89' lang='lat' dir='ltr'>infirma</span> <span class='ocrx_word' id='word_1_38' title='bbox 741 827 1076 911; x_wconf 81' lang='lat' dir='ltr'>qualitate,</span> <span class='ocrx_word' id='word_1_39' title='bbox 1127 827 1394 891; x_wconf 84' lang='lat' dir='ltr'>nimisve</span> <span class='ocrx_word' id='word_1_40' title='bbox 1443 826 1674 911; x_wconf 84' lang='lat' dir='ltr'>exigua</span> <span class='ocrx_word' id='word_1_41' title='bbox 1723 828 2115 910; x_wconf 88' lang='lat' dir='ltr'>quantitate,</span> <span class='ocrx_word' id='word_1_42' title='bbox 2165 829 2263 892; x_wconf 87' lang='lat' dir='ltr'>vel</span> <span class='ocrx_word' id='word_1_43' title='bbox 2308 828 2379 892; x_wconf 88' lang='lat' dir='ltr'>in</span> <span class='ocrx_word' id='word_1_44' title='bbox 2411 828 2536 892; x_wconf 92' lang='lat' dir='ltr'>Mi-</span> 
     </span>
     <span class='ocr_line' id='line_1_7' title="bbox 190 920 2537 1018; baseline 0.001 -24"><span class='ocrx_word' id='word_1_45' title='bbox 190 931 544 996; x_wconf 88' lang='lat' dir='ltr'>thridatem</span> <span class='ocrx_word' id='word_1_46' title='bbox 591 934 907 1016; x_wconf 85' lang='lat' dir='ltr'>quendam</span> <span class='ocrx_word' id='word_1_47' title='bbox 955 956 1106 998; x_wconf 87' lang='lat' dir='ltr'>usus</span> <span class='ocrx_word' id='word_1_48' title='bbox 1154 936 1269 1013; x_wconf 82' lang='lat' dir='ltr'>est,</span> <span class='ocrx_word' id='word_1_49' title='bbox 1319 956 1435 1012; x_wconf 86' lang='lat' dir='ltr'>nec</span> <span class='ocrx_word' id='word_1_50' title='bbox 1479 920 1840 998; x_wconf 80' lang='lat' dir='ltr'>mehercule</span> <span class='ocrx_word' id='word_1_51' title='bbox 1886 935 1960 1010; x_wconf 83' lang='lat' dir='ltr'>is,</span> <span class='ocrx_word' id='word_1_52' title='bbox 2013 935 2126 1018; x_wconf 89' lang='lat' dir='ltr'>qui</span> <span class='ocrx_word' id='word_1_53' title='bbox 2171 939 2327 1018; x_wconf 89' lang='lat' dir='ltr'>apta</span> <span class='ocrx_word' id='word_1_54' title='bbox 2374 934 2537 999; x_wconf 85' lang='lat' dir='ltr'>clavi</span> 
     </span>
     <span class='ocr_line' id='line_1_8' title="bbox 190 1038 2537 1128; baseline 0 -24"><span class='ocrx_word' id='word_1_55' title='bbox 190 1038 512 1116; x_wconf 87' lang='lat' dir='ltr'>nescierit,</span> <span class='ocrx_word' id='word_1_56' title='bbox 563 1040 883 1123; x_wconf 90' lang='lat' dir='ltr'>quomodo</span> <span class='ocrx_word' id='word_1_57' title='bbox 929 1042 1170 1128; x_wconf 85' lang='lat' dir='ltr'>utatur,</span> <span class='ocrx_word' id='word_1_58' title='bbox 1222 1041 1321 1103; x_wconf 87' lang='lat' dir='ltr'>vel</span> <span class='ocrx_word' id='word_1_59' title='bbox 1368 1040 1448 1104; x_wconf 91' lang='lat' dir='ltr'>ob</span> <span class='ocrx_word' id='word_1_60' title='bbox 1496 1039 1824 1116; x_wconf 86' lang='lat' dir='ltr'>difficilem</span> <span class='ocrx_word' id='word_1_61' title='bbox 1869 1039 2104 1105; x_wconf 86' lang='lat' dir='ltr'>forium</span> <span class='ocrx_word' id='word_1_62' title='bbox 2146 1043 2537 1105; x_wconf 71' lang='lat' dir='ltr'>structuram</span> 
     </span>
     <span class='ocr_line' id='line_1_9' title="bbox 191 1145 2537 1231; baseline 0 -21"><span class='ocrx_word' id='word_1_63' title='bbox 191 1145 527 1210; x_wconf 90' lang='lat' dir='ltr'>consilium</span> <span class='ocrx_word' id='word_1_64' title='bbox 563 1146 814 1229; x_wconf 81' lang='lat' dir='ltr'>assequi</span> <span class='ocrx_word' id='word_1_65' title='bbox 862 1169 995 1211; x_wconf 90' lang='lat' dir='ltr'>non</span> <span class='ocrx_word' id='word_1_66' title='bbox 1027 1149 1259 1231; x_wconf 79' lang='lat' dir='ltr'>potuit,</span> <span class='ocrx_word' id='word_1_67' title='bbox 1308 1146 1570 1211; x_wconf 92' lang='lat' dir='ltr'>initium</span> <span class='ocrx_word' id='word_1_68' title='bbox 1607 1146 1764 1210; x_wconf 86' lang='lat' dir='ltr'>fecit</span> <span class='ocrx_word' id='word_1_69' title='bbox 1794 1145 2143 1222; x_wconf 83' lang='lat' dir='ltr'>homicidii,</span> <span class='ocrx_word' id='word_1_70' title='bbox 2190 1146 2350 1211; x_wconf 87' lang='lat' dir='ltr'>furti</span> <span class='ocrx_word' id='word_1_71' title='bbox 2382 1146 2537 1211; x_wconf 89' lang='lat' dir='ltr'>fecit</span> 
     </span>
     <span class='ocr_line' id='line_1_10' title="bbox 191 1251 2536 1337; baseline 0.001 -22"><span class='ocrx_word' id='word_1_72' title='bbox 191 1252 469 1316; x_wconf 89' lang='lat' dir='ltr'>initium.</span> <span class='ocrx_word' id='word_1_73' title='bbox 564 1251 821 1316; x_wconf 88' lang='lat' dir='ltr'>Verum</span> <span class='ocrx_word' id='word_1_74' title='bbox 851 1257 990 1317; x_wconf 90' lang='lat' dir='ltr'>tum</span> <span class='ocrx_word' id='word_1_75' title='bbox 1037 1253 1289 1320; x_wconf 88' lang='lat' dir='ltr'>demum</span> <span class='ocrx_word' id='word_1_76' title='bbox 1333 1252 1592 1317; x_wconf 91' lang='lat' dir='ltr'>initium</span> <span class='ocrx_word' id='word_1_77' title='bbox 1640 1252 1764 1316; x_wconf 87' lang='lat' dir='ltr'>feci</span> <span class='ocrx_word' id='word_1_78' title='bbox 1793 1252 2140 1332; x_wconf 87' lang='lat' dir='ltr'>homicidii,</span> <span class='ocrx_word' id='word_1_79' title='bbox 2191 1275 2382 1337; x_wconf 91' lang='lat' dir='ltr'>quom</span> <span class='ocrx_word' id='word_1_80' title='bbox 2428 1275 2536 1318; x_wconf 84' lang='lat' dir='ltr'>ve·</span> 
     </span>
     <span class='ocr_line' id='line_1_11' title="bbox 188 1358 2535 1442; baseline -0 -19"><span class='ocrx_word' id='word_1_81' title='bbox 188 1381 429 1423; x_wconf 85' lang='lat' dir='ltr'>nenum</span> <span class='ocrx_word' id='word_1_82' title='bbox 475 1381 589 1441; x_wconf 91' lang='lat' dir='ltr'>per</span> <span class='ocrx_word' id='word_1_83' title='bbox 634 1381 700 1422; x_wconf 91' lang='lat' dir='ltr'>se</span> <span class='ocrx_word' id='word_1_84' title='bbox 759 1396 847 1405; x_wconf 91' lang='lat'>—-</span> <span class='ocrx_word' id='word_1_85' title='bbox 905 1381 988 1423; x_wconf 92' lang='lat' dir='ltr'>sc.</span> <span class='ocrx_word' id='word_1_86' title='bbox 1039 1381 1171 1423; x_wconf 89' lang='lat' dir='ltr'>non</span> <span class='ocrx_word' id='word_1_87' title='bbox 1218 1362 1507 1442; x_wconf 90' lang='lat' dir='ltr'>respecto</span> <span class='ocrx_word' id='word_1_88' title='bbox 1571 1359 1799 1422; x_wconf 87' lang='lat' dir='ltr'>effectu</span> <span class='ocrx_word' id='word_1_89' title='bbox 1847 1358 2066 1423; x_wconf 78' lang='lat' dir='ltr'>forsan</span> <span class='ocrx_word' id='word_1_90' title='bbox 2114 1359 2535 1423; x_wconf 86' lang='lat' dir='ltr'>extrariarum</span> 
     </span>
     <span class='ocr_line' id='line_1_12' title="bbox 186 1464 2535 1549; baseline -0.001 -17"><span class='ocrx_word' id='word_1_91' title='bbox 186 1489 419 1543; x_wconf 83' lang='lat' dir='ltr'>rerum,</span> <span class='ocrx_word' id='word_1_92' title='bbox 469 1488 630 1549; x_wconf 89' lang='lat' dir='ltr'>quae</span> <span class='ocrx_word' id='word_1_93' title='bbox 662 1465 792 1529; x_wconf 84' lang='lat' dir='ltr'>vim</span> <span class='ocrx_word' id='word_1_94' title='bbox 825 1464 1098 1529; x_wconf 88' lang='lat' dir='ltr'>actionis</span> <span class='ocrx_word' id='word_1_95' title='bbox 1129 1470 1497 1549; x_wconf 74' lang='lat' dir='ltr'>permutare</span> <span class='ocrx_word' id='word_1_96' title='bbox 1530 1469 1801 1549; x_wconf 92' lang='lat' dir='ltr'>possunt</span> <span class='ocrx_word' id='word_1_97' title='bbox 1836 1503 1913 1511; x_wconf 91' lang='lat'>—</span> <span class='ocrx_word' id='word_1_98' title='bbox 1949 1466 2109 1530; x_wconf 89' lang='lat' dir='ltr'>utile</span> <span class='ocrx_word' id='word_1_99' title='bbox 2140 1470 2205 1529; x_wconf 92' lang='lat' dir='ltr'>et</span> <span class='ocrx_word' id='word_1_100' title='bbox 2234 1465 2535 1530; x_wconf 88' lang='lat' dir='ltr'>idoneum</span> 
     </span>
     <span class='ocr_line' id='line_1_13' title="bbox 190 1571 2586 1657; baseline -0.001 -20"><span class='ocrx_word' id='word_1_101' title='bbox 190 1574 273 1637; x_wconf 91' lang='lat' dir='ltr'>ad</span> <span class='ocrx_word' id='word_1_102' title='bbox 321 1572 852 1657; x_wconf 85' lang='lat' dir='ltr'>exstinguendam</span> <span class='ocrx_word' id='word_1_103' title='bbox 882 1571 1071 1654; x_wconf 91' lang='lat' dir='ltr'>hujus</span> <span class='ocrx_word' id='word_1_104' title='bbox 1106 1572 1263 1636; x_wconf 87' lang='lat' dir='ltr'>certi</span> <span class='ocrx_word' id='word_1_105' title='bbox 1291 1571 1573 1636; x_wconf 91' lang='lat' dir='ltr'>hominis</span> <span class='ocrx_word' id='word_1_106' title='bbox 1606 1572 1810 1636; x_wconf 87' lang='lat' dir='ltr'>vitam</span> <span class='ocrx_word' id='word_1_107' title='bbox 1842 1571 2260 1636; x_wconf 87' lang='lat' dir='ltr'>adhibuerim.</span> <span class='ocrx_word' id='word_1_108' title='bbox 2340 1571 2536 1635; x_wconf 92' lang='lat' dir='ltr'>Prae·-</span> <span class='ocrx_word' id='word_1_109' title='bbox 2582 1610 2586 1616; x_wconf 74' lang='lat'><em>,</em></span> 
     </span>
     <span class='ocr_line' id='line_1_14' title="bbox 190 1677 2535 1763; baseline -0 -20"><span class='ocrx_word' id='word_1_110' title='bbox 190 1679 402 1762; x_wconf 82' lang='lat' dir='ltr'>cipere</span> <span class='ocrx_word' id='word_1_111' title='bbox 449 1700 581 1742; x_wconf 92' lang='lat' dir='ltr'>non</span> <span class='ocrx_word' id='word_1_112' title='bbox 637 1679 738 1741; x_wconf 85' lang='lat' dir='ltr'>lex</span> <span class='ocrx_word' id='word_1_113' title='bbox 784 1678 924 1761; x_wconf 90' lang='lat' dir='ltr'>ipsa</span> <span class='ocrx_word' id='word_1_114' title='bbox 969 1700 1087 1742; x_wconf 85' lang='lat' dir='ltr'>nec</span> <span class='ocrx_word' id='word_1_115' title='bbox 1135 1678 1475 1742; x_wconf 87' lang='lat' dir='ltr'>concedere</span> <span class='ocrx_word' id='word_1_116' title='bbox 1533 1678 1726 1741; x_wconf 88' lang='lat' dir='ltr'>aliam</span> <span class='ocrx_word' id='word_1_117' title='bbox 1787 1678 2393 1763; x_wconf 86' lang='lat' dir='ltr'>interpretationem</span> <span class='ocrx_word' id='word_1_118' title='bbox 2438 1677 2535 1742; x_wconf 84' lang='lat' dir='ltr'>vi·-</span> 
     </span>
     <span class='ocr_line' id='line_1_15' title="bbox 192 1781 2533 1869; baseline 0 -20"><span class='ocrx_word' id='word_1_119' title='bbox 192 1785 400 1863; x_wconf 85' lang='lat' dir='ltr'>detur‚</span> <span class='ocrx_word' id='word_1_120' title='bbox 449 1784 504 1853; x_wconf 87' lang='lat' dir='ltr'>si</span> <span class='ocrx_word' id='word_1_121' title='bbox 553 1784 808 1869; x_wconf 87' lang='lat' dir='ltr'>quidem</span> <span class='ocrx_word' id='word_1_122' title='bbox 856 1784 1049 1848; x_wconf 86' lang='lat' dir='ltr'>verba</span> <span class='ocrx_word' id='word_1_123' title='bbox 1094 1787 1487 1867; x_wconf 85' lang='lat' dir='ltr'>spectamus;</span> <span class='ocrx_word' id='word_1_124' title='bbox 1536 1784 1777 1849; x_wconf 88' lang='lat' dir='ltr'>usualis</span> <span class='ocrx_word' id='word_1_125' title='bbox 1823 1807 1973 1849; x_wconf 86' lang='lat' dir='ltr'>vero</span> <span class='ocrx_word' id='word_1_126' title='bbox 2019 1784 2471 1868; x_wconf 87' lang='lat' dir='ltr'>interpretatio</span> <span class='ocrx_word' id='word_1_127' title='bbox 2484 1781 2533 1867; x_wconf 84' lang='grc'>1)</span> 
     </span>
     <span class='ocr_line' id='line_1_16' title="bbox 188 1890 2535 1977; baseline 0 -22"><span class='ocrx_word' id='word_1_128' title='bbox 188 1892 379 1974; x_wconf 90' lang='lat' dir='ltr'>hujus</span> <span class='ocrx_word' id='word_1_129' title='bbox 426 1891 821 1977; x_wconf 84' lang='lat' dir='ltr'>paragraphi</span> <span class='ocrx_word' id='word_1_130' title='bbox 866 1890 1159 1955; x_wconf 90' lang='lat' dir='ltr'>obtinere</span> <span class='ocrx_word' id='word_1_131' title='bbox 1191 1913 1265 1955; x_wconf 88' lang='lat' dir='ltr'>ac</span> <span class='ocrx_word' id='word_1_132' title='bbox 1310 1895 1595 1955; x_wconf 87' lang='lat' dir='ltr'>statuere</span> <span class='ocrx_word' id='word_1_133' title='bbox 1643 1891 1964 1974; x_wconf 86' lang='lat' dir='ltr'>quandam</span> <span class='ocrx_word' id='word_1_134' title='bbox 1995 1891 2166 1954; x_wconf 88' lang='lat' dir='ltr'>haud</span> <span class='ocrx_word' id='word_1_135' title='bbox 2205 1890 2535 1976; x_wconf 90' lang='lat' dir='ltr'>propriam</span> 
     </span>
     <span class='ocr_line' id='line_1_17' title="bbox 188 1997 1186 2063; baseline 0 -1"><span class='ocrx_word' id='word_1_136' title='bbox 188 1997 366 2063; x_wconf 84' lang='lat' dir='ltr'>initii</span> <span class='ocrx_word' id='word_1_137' title='bbox 412 1997 743 2063; x_wconf 89' lang='lat' dir='ltr'>notionem</span> <span class='ocrx_word' id='word_1_138' title='bbox 790 1997 1060 2062; x_wconf 84' lang='lat' dir='ltr'>videtur.</span> <span class='ocrx_word' id='word_1_139' title='bbox 1118 2035 1186 2044; x_wconf 89' lang='lat'><em>-</em></span> 
     </span>
    </p>
   </div>
   <div class='ocr_carea' id='block_1_5' title="bbox 1206 2187 1522 2250">
    <p class='ocr_par' dir='ltr' id='par_1_5' title="bbox 1206 2187 1522 2250">
     <span class='ocr_line' id='line_1_18' title="bbox 1206 2187 1522 2250; baseline 0 -7"><span class='ocrx_word' id='word_1_140' title='bbox 1206 2187 1522 2250; x_wconf 78' lang='lat' dir='ltr'>Conclusio.</span> 
     </span>
    </p>
   </div>
   <div class='ocr_carea' id='block_1_6' title="bbox 180 2314 2537 3568">
    <p class='ocr_par' dir='ltr' id='par_1_6' title="bbox 180 2314 2537 3568">
     <span class='ocr_line' id='line_1_19' title="bbox 370 2314 2536 2400; baseline -0.001 -19"><span class='ocrx_word' id='word_1_141' title='bbox 370 2316 548 2381; x_wconf 88' lang='lat' dir='ltr'>Haec</span> <span class='ocrx_word' id='word_1_142' title='bbox 593 2339 743 2381; x_wconf 82' lang='lat' dir='ltr'>vero</span> <span class='ocrx_word' id='word_1_143' title='bbox 792 2314 1007 2393; x_wconf 84' lang='lat' dir='ltr'>sunt,&#39;</span> <span class='ocrx_word' id='word_1_144' title='bbox 1039 2337 1203 2400; x_wconf 89' lang='lat' dir='ltr'>quae</span> <span class='ocrx_word' id='word_1_145' title='bbox 1263 2316 1340 2379; x_wconf 91' lang='lat' dir='ltr'>de</span> <span class='ocrx_word' id='word_1_146' title='bbox 1399 2314 1734 2399; x_wconf 88' lang='lat' dir='ltr'>proposito</span> <span class='ocrx_word' id='word_1_147' title='bbox 1780 2320 2004 2380; x_wconf 89' lang='lat' dir='ltr'>nostro</span> <span class='ocrx_word' id='word_1_148' title='bbox 2051 2315 2120 2379; x_wconf 88' lang='lat' dir='ltr'>in</span> <span class='ocrx_word' id='word_1_149' title='bbox 2167 2314 2536 2380; x_wconf 83' lang='lat' dir='ltr'>universum</span> 
     </span>
     <span class='ocr_line' id='line_1_20' title="bbox 189 2420 2535 2509; baseline -0.003 -17"><span class='ocrx_word' id='word_1_150' title='bbox 189 2425 508 2509; x_wconf 85' lang='lat' dir='ltr'>explicare</span> <span class='ocrx_word' id='word_1_151' title='bbox 554 2423 622 2487; x_wconf 91' lang='lat' dir='ltr'>in</span> <span class='ocrx_word' id='word_1_152' title='bbox 669 2423 881 2488; x_wconf 87' lang='lat' dir='ltr'>animo</span> <span class='ocrx_word' id='word_1_153' title='bbox 926 2422 1297 2488; x_wconf 87' lang='lat' dir='ltr'>habuimus:</span> <span class='ocrx_word' id='word_1_154' title='bbox 1347 2421 1574 2506; x_wconf 91' lang='lat' dir='ltr'>Neque</span> <span class='ocrx_word' id='word_1_155' title='bbox 1621 2422 1689 2486; x_wconf 93' lang='lat' dir='ltr'>iu</span> <span class='ocrx_word' id='word_1_156' title='bbox 1733 2422 2048 2501; x_wconf 83' lang='lat' dir='ltr'>Romano,</span> <span class='ocrx_word' id='word_1_157' title='bbox 2103 2443 2223 2487; x_wconf 91' lang='lat' dir='ltr'>nec</span> <span class='ocrx_word' id='word_1_158' title='bbox 2269 2420 2535 2487; x_wconf 84' lang='lat' dir='ltr'>Germa-</span> 
     </span>
     <span class='ocr_line' id='line_1_21' title="bbox 190 2527 2535 2613; baseline -0.003 -15"><span class='ocrx_word' id='word_1_159' title='bbox 190 2534 370 2610; x_wconf 81' lang='lat' dir='ltr'>nicO‚</span> <span class='ocrx_word' id='word_1_160' title='bbox 417 2553 537 2596; x_wconf 89' lang='lat' dir='ltr'>nec</span> <span class='ocrx_word' id='word_1_161' title='bbox 581 2530 649 2594; x_wconf 91' lang='lat' dir='ltr'>in</span> <span class='ocrx_word' id='word_1_162' title='bbox 697 2529 1021 2595; x_wconf 89' lang='lat' dir='ltr'>communi</span> <span class='ocrx_word' id='word_1_163' title='bbox 1056 2531 1199 2613; x_wconf 85' lang='lat' dir='ltr'>jure</span> <span class='ocrx_word' id='word_1_164' title='bbox 1248 2552 1362 2594; x_wconf 89' lang='lat' dir='ltr'>nec</span> <span class='ocrx_word' id='word_1_165' title='bbox 1408 2533 1635 2594; x_wconf 90' lang='lat' dir='ltr'>nostro</span> <span class='ocrx_word' id='word_1_166' title='bbox 1682 2529 2021 2593; x_wconf 88' lang='lat' dir='ltr'>Borussico</span> <span class='ocrx_word' id='word_1_167' title='bbox 2080 2528 2334 2612; x_wconf 88' lang='lat' dir='ltr'>quidem</span> <span class='ocrx_word' id='word_1_168' title='bbox 2391 2527 2535 2592; x_wconf 89' lang='lat' dir='ltr'>ani-</span> 
     </span>
     <span class='ocr_line' id='line_1_22' title="bbox 188 2634 2535 2719; baseline -0.002 -15"><span class='ocrx_word' id='word_1_169' title='bbox 188 2638 614 2704; x_wconf 87' lang='lat' dir='ltr'>madvertitur</span> <span class='ocrx_word' id='word_1_170' title='bbox 659 2637 729 2700; x_wconf 92' lang='lat' dir='ltr'>in</span> <span class='ocrx_word' id='word_1_171' title='bbox 775 2658 947 2714; x_wconf 87' lang='lat' dir='ltr'>eum,</span> <span class='ocrx_word' id='word_1_172' title='bbox 998 2636 1109 2719; x_wconf 89' lang='lat' dir='ltr'>qui</span> <span class='ocrx_word' id='word_1_173' title='bbox 1154 2635 1492 2700; x_wconf 89' lang='lat' dir='ltr'>inutilibus</span> <span class='ocrx_word' id='word_1_174' title='bbox 1538 2635 1900 2700; x_wconf 89' lang='lat' dir='ltr'>rationibus</span> <span class='ocrx_word' id='word_1_175' title='bbox 1963 2636 2167 2699; x_wconf 92' lang='lat' dir='ltr'>scelus</span> <span class='ocrx_word' id='word_1_176' title='bbox 2215 2634 2535 2717; x_wconf 89' lang='lat' dir='ltr'>quoddam</span> 
     </span>
     <span class='ocr_line' id='line_1_23' title="bbox 190 2742 2535 2825; baseline -0.003 -14"><span class='ocrx_word' id='word_1_177' title='bbox 190 2744 759 2811; x_wconf 88' lang='lat' dir='ltr'>consummandum</span> <span class='ocrx_word' id='word_1_178' title='bbox 806 2745 1191 2825; x_wconf 83' lang='lat' dir='ltr'>susceperit,</span> <span class='ocrx_word' id='word_1_179' title='bbox 1257 2743 1447 2825; x_wconf 86' lang='lat' dir='ltr'>plane</span> <span class='ocrx_word' id='word_1_180' title='bbox 1496 2742 1798 2807; x_wconf 82' lang='lat' dir='ltr'>adversus</span> <span class='ocrx_word' id='word_1_181' title='bbox 1845 2747 2167 2820; x_wconf 84' lang='lat' dir='ltr'>nostram,</span> <span class='ocrx_word' id='word_1_182' title='bbox 2232 2763 2423 2824; x_wconf 91' lang='lat' dir='ltr'>quam</span> <span class='ocrx_word' id='word_1_183' title='bbox 2453 2742 2535 2805; x_wconf 79' lang='lat' dir='ltr'>iu</span> 
     </span>
     <span class='ocr_line' id='line_1_24' title="bbox 188 2846 2537 2937; baseline -0.003 -22"><span class='ocrx_word' id='word_1_184' title='bbox 188 2852 401 2937; x_wconf 89' lang='lat' dir='ltr'>prima</span> <span class='ocrx_word' id='word_1_185' title='bbox 447 2850 658 2933; x_wconf 88' lang='lat' dir='ltr'>operis</span> <span class='ocrx_word' id='word_1_186' title='bbox 704 2852 890 2933; x_wconf 82' lang='lat' dir='ltr'>parte</span> <span class='ocrx_word' id='word_1_187' title='bbox 937 2849 1340 2932; x_wconf 84' lang='lat' dir='ltr'>exposuimus</span> <span class='ocrx_word' id='word_1_188' title='bbox 1389 2870 1463 2912; x_wconf 90' lang='lat' dir='ltr'>ac</span> <span class='ocrx_word' id='word_1_189' title='bbox 1510 2848 1924 2925; x_wconf 80' lang='lat' dir='ltr'>defendimus,</span> <span class='ocrx_word' id='word_1_190' title='bbox 1977 2848 2053 2912; x_wconf 91' lang='lat' dir='ltr'>de</span> <span class='ocrx_word' id='word_1_191' title='bbox 2083 2848 2227 2932; x_wconf 81' lang='lat' dir='ltr'>lege</span> <span class='ocrx_word' id='word_1_192' title='bbox 2274 2846 2537 2910; x_wconf 85' lang='lat' dir='ltr'>ferenda</span> 
     </span>
     <span class='ocr_line' id='line_1_25' title="bbox 189 2952 2534 3040; baseline -0.003 -17"><span class='ocrx_word' id='word_1_193' title='bbox 189 2958 600 3023; x_wconf 87' lang='lat' dir='ltr'>sententiam.</span> <span class='ocrx_word' id='word_1_194' title='bbox 695 2956 988 3021; x_wconf 88' lang='lat' dir='ltr'>Ceterum</span> <span class='ocrx_word' id='word_1_195' title='bbox 1047 2955 1195 3019; x_wconf 90' lang='lat' dir='ltr'>huic</span> <span class='ocrx_word' id='word_1_196' title='bbox 1252 2955 1575 3020; x_wconf 91' lang='lat' dir='ltr'>sanctioni</span> <span class='ocrx_word' id='word_1_197' title='bbox 1632 2956 1708 3019; x_wconf 92' lang='lat' dir='ltr'>de</span> <span class='ocrx_word' id='word_1_198' title='bbox 1756 2954 2138 3040; x_wconf 84' lang='lat' dir='ltr'>quaestione</span> <span class='ocrx_word' id='word_1_199' title='bbox 2198 2956 2420 3017; x_wconf 89' lang='lat' dir='ltr'>nostra</span> <span class='ocrx_word' id='word_1_200' title='bbox 2466 2952 2534 3016; x_wconf 94' lang='lat' dir='ltr'>in</span> 
     </span>
     <span class='ocr_line' id='line_1_26' title="bbox 180 3060 2534 3151; baseline -0.003 -22"><span class='ocrx_word' id='word_1_201' title='bbox 180 3067 330 3151; x_wconf 88' lang='lat' dir='ltr'>jure</span> <span class='ocrx_word' id='word_1_202' title='bbox 376 3063 718 3128; x_wconf 90' lang='lat' dir='ltr'>Borussico</span> <span class='ocrx_word' id='word_1_203' title='bbox 779 3065 1064 3126; x_wconf 87' lang='lat' dir='ltr'>statutae</span> <span class='ocrx_word' id='word_1_204' title='bbox 1123 3061 1514 3125; x_wconf 88' lang='lat' dir='ltr'>simillimam</span> <span class='ocrx_word' id='word_1_205' title='bbox 1574 3061 1765 3125; x_wconf 93' lang='lat' dir='ltr'>multi</span> <span class='ocrx_word' id='word_1_206' title='bbox 1824 3061 2096 3124; x_wconf 89' lang='lat' dir='ltr'>aliarum</span> <span class='ocrx_word' id='word_1_207' title='bbox 2157 3081 2409 3144; x_wconf 87' lang='lat' dir='ltr'>quoque</span> <span class='ocrx_word' id='word_1_208' title='bbox 2463 3060 2534 3123; x_wconf 90' lang='lat' dir='ltr'>in</span> 
     </span>
     <span class='ocr_line' id='line_1_27' title="bbox 189 3161 2533 3237; baseline -0.004 0"><span class='ocrx_word' id='word_1_209' title='bbox 189 3161 562 3237; x_wconf 67' lang='lat' dir='ltr'>Germania¹</span> <span class='ocrx_word' id='word_1_210' title='bbox 608 3169 940 3234; x_wconf 83' lang='lat' dir='ltr'>civitatum</span> <span class='ocrx_word' id='word_1_211' title='bbox 1011 3167 1258 3232; x_wconf 86' lang='lat' dir='ltr'>codices</span> <span class='ocrx_word' id='word_1_212' title='bbox 1328 3168 1547 3232; x_wconf 89' lang='lat' dir='ltr'>ferunt</span> <span class='ocrx_word' id='word_1_213' title='bbox 1612 3167 2017 3231; x_wconf 86' lang='lat' dir='ltr'>sententiam.</span> <span class='ocrx_word' id='word_1_214' title='bbox 2126 3164 2249 3231; x_wconf 79' lang='lat' dir='ltr'>Sed</span> <span class='ocrx_word' id='word_1_215' title='bbox 2317 3168 2533 3229; x_wconf 91' lang='lat' dir='ltr'>tamen</span> 
     </span>
     <span class='ocr_line' id='line_1_28' title="bbox 190 3270 2535 3358; baseline -0.003 -17"><span class='ocrx_word' id='word_1_216' title='bbox 190 3277 716 3343; x_wconf 84' lang='lat' dir='ltr'>animadvertunt</span> <span class='ocrx_word' id='word_1_217' title='bbox 777 3296 1029 3358; x_wconf 91' lang='lat' dir='ltr'>quoque</span> <span class='ocrx_word' id='word_1_218' title='bbox 1076 3273 1370 3358; x_wconf 85' lang='lat' dir='ltr'>singulae</span> <span class='ocrx_word' id='word_1_219' title='bbox 1417 3272 1880 3339; x_wconf 83' lang='lat' dir='ltr'>Germanorum</span> <span class='ocrx_word' id='word_1_220' title='bbox 1938 3272 2114 3356; x_wconf 83' lang='lat' dir='ltr'>leges</span> <span class='ocrx_word' id='word_1_221' title='bbox 2168 3270 2357 3336; x_wconf 90' lang='lat' dir='ltr'>modo</span> <span class='ocrx_word' id='word_1_222' title='bbox 2410 3270 2535 3335; x_wconf 86' lang='lat' dir='ltr'>hac</span> 
     </span>
     <span class='ocr_line' id='line_1_29' title="bbox 188 3376 2534 3464; baseline -0.003 -17"><span class='ocrx_word' id='word_1_223' title='bbox 188 3383 381 3448; x_wconf 89' lang='lat' dir='ltr'>modo</span> <span class='ocrx_word' id='word_1_224' title='bbox 414 3382 527 3446; x_wconf 90' lang='lat' dir='ltr'>illa</span> <span class='ocrx_word' id='word_1_225' title='bbox 574 3404 717 3446; x_wconf 90' lang='lat' dir='ltr'>cum</span> <span class='ocrx_word' id='word_1_226' title='bbox 765 3381 1079 3446; x_wconf 86' lang='lat' dir='ltr'>varietate</span> <span class='ocrx_word' id='word_1_227' title='bbox 1124 3380 1188 3444; x_wconf 89' lang='lat' dir='ltr'>in</span> <span class='ocrx_word' id='word_1_228' title='bbox 1240 3384 1566 3458; x_wconf 87' lang='lat' dir='ltr'>conatum,</span> <span class='ocrx_word' id='word_1_229' title='bbox 1615 3379 1724 3464; x_wconf 91' lang='lat' dir='ltr'>qui</span> <span class='ocrx_word' id='word_1_230' title='bbox 1770 3379 1847 3444; x_wconf 91' lang='lat' dir='ltr'>fit</span> <span class='ocrx_word' id='word_1_231' title='bbox 1891 3376 2232 3442; x_wconf 86' lang='lat' dir='ltr'>inutilibus</span> <span class='ocrx_word' id='word_1_232' title='bbox 2262 3377 2534 3441; x_wconf 89' lang='lat' dir='ltr'>rationi-</span> 
     </span>
     <span class='ocr_line' id='line_1_30' title="bbox 189 3484 2531 3568; baseline -0.003 -14"><span class='ocrx_word' id='word_1_233' title='bbox 189 3491 341 3555; x_wconf 88' lang='lat' dir='ltr'>bus:</span> <span class='ocrx_word' id='word_1_234' title='bbox 393 3487 769 3553; x_wconf 89' lang='lat' dir='ltr'>Darmstadt</span> <span class='ocrx_word' id='word_1_235' title='bbox 802 3510 840 3551; x_wconf 85' lang='lat' dir='ltr'>a</span> <span class='ocrx_word' id='word_1_236' title='bbox 873 3488 976 3565; x_wconf 84' lang='lat'>67,</span> <span class='ocrx_word' id='word_1_237' title='bbox 1025 3486 1247 3551; x_wconf 86' lang='lat' dir='ltr'>Baden</span> <span class='ocrx_word' id='word_1_238' title='bbox 1289 3510 1369 3551; x_wconf 87' lang='lat' dir='ltr'>aa</span> <span class='ocrx_word' id='word_1_239' title='bbox 1405 3488 1551 3563; x_wconf 88' lang='lat'>110,</span> <span class='ocrx_word' id='word_1_240' title='bbox 1605 3487 1752 3563; x_wconf 92' lang='grc'><strong>111,</strong></span> <span class='ocrx_word' id='word_1_241' title='bbox 1797 3484 2325 3568; x_wconf 85' lang='lat' dir='ltr'>Wuerttemberg</span> <span class='ocrx_word' id='word_1_242' title='bbox 2356 3506 2394 3548; x_wconf 89' lang='lat' dir='ltr'>a</span> <span class='ocrx_word' id='word_1_243' title='bbox 2429 3484 2531 3560; x_wconf 85' lang='lat'>72,</span> 
     </span>
    </p>
   </div>
   <div class='ocr_carea' id='block_1_7' title="bbox 188 3592 1381 3680">
    <p class='ocr_par' dir='ltr' id='par_1_7' title="bbox 188 3592 1381 3680">
     <span class='ocr_line' id='line_1_31' title="bbox 188 3592 1381 3680; baseline -0.003 -19"><span class='ocrx_word' id='word_1_244' title='bbox 188 3595 582 3680; x_wconf 83' lang='lat' dir='ltr'>Brunsvigia</span> <span class='ocrx_word' id='word_1_245' title='bbox 628 3617 666 3658; x_wconf 85' lang='lat' dir='ltr'>a</span> <span class='ocrx_word' id='word_1_246' title='bbox 713 3595 819 3672; x_wconf 83' lang='lat'>36,</span> <span class='ocrx_word' id='word_1_247' title='bbox 869 3592 1146 3660; x_wconf 84' lang='lat' dir='ltr'>Saxonia</span> <span class='ocrx_word' id='word_1_248' title='bbox 1193 3616 1231 3657; x_wconf 87' lang='lat' dir='ltr'>a</span> <span class='ocrx_word' id='word_1_249' title='bbox 1279 3595 1381 3658; x_wconf 83' lang='lat'>26.</span> 
     </span>
    </p>
   </div>
   <div class='ocr_carea' id='block_1_8' title="bbox 187 3800 2533 3967">
    <p class='ocr_par' dir='ltr' id='par_1_8' title="bbox 187 3800 2533 3967">
     <span class='ocr_line' id='line_1_32' title="bbox 375 3800 2533 3877; baseline -0.004 -15"><span class='ocrx_word' id='word_1_250' title='bbox 375 3805 413 3873; x_wconf 86' lang='lat'>¹)</span> <span class='ocrx_word' id='word_1_251' title='bbox 452 3807 522 3862; x_wconf 89' lang='lat' dir='ltr'>cf.</span> <span class='ocrx_word' id='word_1_252' title='bbox 561 3806 732 3862; x_wconf 87' lang='lat' dir='ltr'>etiam</span> <span class='ocrx_word' id='word_1_253' title='bbox 769 3806 1160 3877; x_wconf 67' lang='lat' dir='ltr'>Goltdammer,</span> <span class='ocrx_word' id='word_1_254' title='bbox 1196 3804 1544 3861; x_wconf 80' lang='lat' dir='ltr'>Materialien</span> <span class='ocrx_word' id='word_1_255' title='bbox 1580 3822 1704 3858; x_wconf 82' lang='lat' dir='ltr'>zum</span> <span class='ocrx_word' id='word_1_256' title='bbox 1738 3820 1819 3873; x_wconf 84' lang='lat' dir='ltr'>pr.</span> <span class='ocrx_word' id='word_1_257' title='bbox 1857 3800 2341 3872; x_wconf 82' lang='lat' dir='ltr'>Strafgesetzbuch</span> <span class='ocrx_word' id='word_1_258' title='bbox 2379 3801 2533 3855; x_wconf 88' lang='grc'><strong>1851.</strong></span> 
     </span>
     <span class='ocr_line' id='line_1_33' title="bbox 187 3889 2335 3967; baseline -0.004 -15"><span class='ocrx_word' id='word_1_259' title='bbox 187 3899 231 3952; x_wconf 91' lang='lat'>1.</span> <span class='ocrx_word' id='word_1_260' title='bbox 270 3916 324 3967; x_wconf 90' lang='lat' dir='ltr'>p.</span> <span class='ocrx_word' id='word_1_261' title='bbox 363 3897 466 3951; x_wconf 85' lang='lat'>272</span> <span class='ocrx_word' id='word_1_262' title='bbox 501 3914 600 3966; x_wconf 71' lang='lat' dir='ltr'>sq„</span> <span class='ocrx_word' id='word_1_263' title='bbox 637 3895 779 3967; x_wconf 84' lang='lat' dir='ltr'>inpr.</span> <span class='ocrx_word' id='word_1_264' title='bbox 815 3915 910 3967; x_wconf 85' lang='lat' dir='ltr'>pg.</span> <span class='ocrx_word' id='word_1_265' title='bbox 946 3896 1068 3950; x_wconf 83' lang='lat'>275.</span> <span class='ocrx_word' id='word_1_266' title='bbox 2329 3889 2335 3896; x_wconf 80' lang='grc'><strong><em>’</em></strong></span> 
     </span>
    </p>
   </div>
   <div class='ocr_carea' id='block_1_9' title="bbox 2383 60 3052 572">
    <p class='ocr_par' dir='ltr' id='par_1_9' title="bbox 2383 60 3052 572">
     <span class='ocr_line' id='line_1_34' title="bbox 2383 60 3052 572; baseline 0 4315"><span class='ocrx_word' id='word_1_267' title='bbox 2383 60 3052 572; x_wconf 95' lang='lat' dir='ltr'> </span> 
     </span>
    </p>
   </div>
  </div>
 </body>
</html>
