3052 4887
1705 346 1789 407 22

561 540 763 606 menti
808 540 850 603 l.
886 540 992 616 46,
1041 541 1078 621 g
1125 542 1164 604 8
1213 538 1533 622 Ulpianus
1580 540 1661 604 ad
1708 538 2054 616 Sabinum3
2105 541 2236 622 (47.
2293 540 2411 622 19)
2460 541 2569 605 cit.
2616 540 2658 603 l.
2697 542 2738 605 6
2786 540 2910 605 Pa-

3012 474 3015 595 ψ

562 647 862 731 pinianus
909 645 993 726 (Ρ)
1041 646 1122 710 ad
1168 644 1538 722 Neratium;
1586 646 1633 710 1.
1669 647 1774 726 43,
1822 645 1859 727 ἓ
1907 648 1966 722 5,
2019 647 2078 708 6.
2130 669 2190 709 u.
2239 645 2562 729 Ulpianus
2609 646 2692 710 ad
2723 645 2906 711 Sabi·
3013 630 3014 701 J

559 776 746 829 num3
796 752 938 835 Graj.
985 751 1099 816 111.
1149 753 1186 833 ἓ
1241 752 1383 830 198,
1432 774 1506 816 ac
1552 751 1818 815 tandem
1874 752 1961 835 (4.
2014 751 2079 833 1)
2135 752 2186 814 Ι.
2248 752 2288 816 l.
2354 775 2408 816 c.
2470 752 2507 833 ἓ
2555 755 2625 829 8;
2683 754 2778 817 ita
2834 757 2910 817 ut

560 859 986 945 subjectivum
1031 857 1420 941 principium
1466 857 1549 921 ab
1595 858 1924 922 nonnullis
1971 880 2097 921 non
2149 857 2548 923 solummodo
2589 859 2665 922 de
2712 858 2906 936 furtu,
3013 846 3014 865 ¹

562 967 674 1032 sed
705 966 904 1030 etiam
950 967 1121 1028 certe
1166 965 1243 1028 de
1292 965 1435 1029 aliis
1466 963 1719 1029 delictis
1752 965 2080 1028 defensum
2127 965 2325 1028 fuisse
2372 969 2705 1048 appareat.
2778 965 2904 1031 Ve-

561 1095 703 1137 rum
748 1073 822 1150 si,
871 1070 1041 1154 quod
1087 1070 1370 1154 Ulpiano
1417 1071 1764 1154 eodemque
1796 1070 2042 1147 Paullo,
2094 1071 2205 1154 qni
2247 1070 2498 1135 etiamsi
2545 1071 2908 1137 doctrinam

563 1200 755 1262 quam
803 1177 1029 1241 dicunt
1051 1177 1542 1249 ,emendationis
1574 1181 1828 1241 secutus
1875 1198 2010 1241 esse
2053 1177 2323 1254 videtur,
2372 1177 2759 1261 principium
2789 1180 2907 1243 ob-

555 1284 864 1368 jectivum
887 1332 901 1355 ,
970 1286 1044 1348 ut
1088 1284 1224 1366 juri
1290 1282 1581 1347 Romano
1628 1284 2034 1367 aptissimum
2083 1283 2497 1362 defendebat,
2560 1307 2634 1348 ac
2688 1284 2908 1348 multis

563 1390 708 1455 aliis
769 1390 1088 1474 placebat,
1151 1390 1218 1453 in
1259 1391 1403 1473 jure
1448 1388 1822 1454 Justiniano
1877 1394 2210 1474 receptum
2267 1412 2402 1454 esse
2463 1390 2571 1455 vix
2615 1390 2907 1454 infitian-

563 1498 714 1561 dum
761 1499 878 1574 est,
927 1518 1005 1560 ex
1050 1496 1304 1560 diverso
1351 1500 1569 1559 tamen
1616 1496 1786 1579 quod
1830 1495 2236 1560 Justinia’nus
2285 1497 2372 1579 (4.
2428 1497 2492 1577 1)
2538 1496 2587 1559 Ι.
2634 1496 2675 1561 l.
2712 1518 2763 1560 c.
2798 1497 2833 1579 ὃ
2867 1497 2908 1560 8

561 1608 627 1668 et
672 1604 742 1667 in
787 1626 840 1668 c.
891 1605 996 1680 20,
1046 1602 1111 1667 C.
1161 1600 1354 1665 furtis
1403 1603 1490 1686 (6.
1544 1603 1610 1684 2)
1658 1603 1727 1665 in
1773 1624 1901 1665 una
1955 1602 2234 1685 quadam
2291 1603 2449 1666 furti
2510 1603 2721 1686 specie
2764 1626 2910 1667 sen-

560 1710 835 1774 tentiam
881 1708 1056 1785 tulit,
1106 1729 1270 1791 quae
1330 1708 1410 1771 ab
1456 1708 1716 1773 illorum
1776 1710 2099 1773 sententia
2154 1708 2486 1788 abhorret,
2550 1710 2710 1773 haec
2767 1711 2911 1793 ipsa

561 1816 831 1894 decisio,
893 1819 967 1878 ut
1024 1814 1462 1879 Justinianus:
1532 1814 1721 1879 »licet
1778 1837 1914 1879 nen
1974 1816 2379 1894 secundum,‹
2442 1815 2688 1899 inquit,
2746 1816 2911 1899 juris

558 1923 815 2007 regulas
862 1922 966 2000 sit,
1014 1922 1110 1986 nil
1155 1921 1283 1984 nisi
1328 1922 1621 2004 exceptio
1671 1925 1770 1985 est
1817 1922 1901 1985 ob
1962 1922 2205 1985 hancce
2263 1943 2397 1985 rem
2443 1925 2719 1999 statuta,
2791 1944 2911 1986 »ne

558 2052 638 2093 ex
699 2028 889 2111 hujus
955 2028 1346 2110 impunitate
1401 2030 1466 2091 et
1525 2028 1595 2090 in
1653 2027 1849 2091 alium
1917 2049 2193 2105 servum,
2264 2028 2373 2110 qui
2431 2028 2620 2093 facile
2702 2029 2915 2112 possit

560 2135 912 2218 corrumpi,
974 2130 1108 2198 tale
1162 2134 1411 2198 facinus
1453 2156 1491 2197 a
1523 2134 1906 2217 quibusdam
1939 2137 2405 2218 perpetretur«
2489 2134 2658 2209 Quin
2689 2135 2911 2213 etiam,
3019 2192 3020 2205 ,

561 2262 950 2325 quamquam
995 2241 1256 2305 minime
1303 2245 1643 2324 corruptus
1690 2242 1776 2304 sit
1823 2263 1860 2304 a
1905 2240 2325 2305 sollicitatore
2386 2240 2607 2304 servus
2625 2288 2639 2317 ,
2690 2244 2916 2306 tamen

562 2348 816 2412 actione
861 2346 1031 2410 servi
1077 2347 1361 2430 corrupti
1396 2346 1744 2411 calliditati
1776 2347 2030 2411 obviam
2059 2347 2153 2410 ire
2184 2345 2568 2430 Imperatori
2599 2344 2796 2413 libet!
2824 2385 2916 2395 -—

566 2463 571 2468 “
737 2453 979 2518 Eadem
1026 2475 1173 2518 vero
1242 2454 1442 2531 ratic,
1508 2476 1704 2537 quam
1767 2454 1844 2518 de
1908 2454 2084 2518 furto
2151 2453 2447 2536 inprimis
2505 2454 2546 2517 l.
2584 2456 2688 2531 52,
2739 2455 2777 2537 ἓ
2832 2458 2915 2520 19

562 2561 951 2625 declaratam
996 2560 1525 2644 observatamque
1586 2561 1945 2624 invenimus
1965 2609 1981 2638 ,
2041 2560 2113 2623 in
2172 2561 2406 2624 damno
2459 2560 2698 2643 injuria
2752 2561 2919 2627 dato

557 2667 746 2731 nobis
795 2665 1072 2731 occurrit
1117 2665 1204 2750 (9.
1256 2666 1323 2748 2)
1369 2667 1413 2729 1.
1450 2668 1555 2745 27,
1616 2667 1650 2748 ξ
1722 2667 1799 2730 17
1847 2665 1997 2749 Dig.
2060 2666 2204 2749 lege
2250 2665 2485 2750 Aquss:
2551 2665 2917 2749 Ulpianus;

558 2775 628 2837 in
673 2772 947 2856 injuriae
993 2774 1227 2837 delicto
1278 2773 1407 2856 (47.
1464 2773 1571 2855 10)
1618 2772 1689 2836 h.
1740 2777 1785 2837 t.
1836 2772 1876 2835 l.
1917 2775 1999 2838 10
2046 2771 2339 2850 Paullus3
2385 2773 2426 2838 1.
2468 2775 2569 2850 15,
2619 2773 2655 2855 ἓ
2702 2776 2741 2836 2
2796 2775 2923 2840 m-

560 2881 819 2964 pianus3
867 2880 1026 2943 item
1071 2880 1112 2941 1.
1152 2881 1253 2957 15,
1301 2879 1338 2961 ἓ
1388 2881 1488 2944 17.
1542 2880 1658 2942 18:
1724 2879 1940 2961 aliqua
1995 2901 2062 2943 re
2122 2883 2307 2963 gesta
2367 2871 2529 2961 opus
2576 2901 2739 2956 esse3
2795 2903 2923 2947 nec

560 2986 793 3050 mirum
839 2989 954 3063 est,
1004 2989 1071 3049 et
1115 2985 1186 3048 in
1229 2984 1351 3049 hoc
1400 2985 1634 3048 delicto
1653 2979 1958 3049 'sufficere
1991 2985 2312 3049 actionem
2345 2987 2596 3068 qualem
2631 2985 2923 3068 qualem,

561 3114 725 3176 quae
778 3091 984 3174 possit
1037 3090 1256 3155 reduci
1310 3091 1389 3155 ad
1449 3091 1846 3155 voluntatem
1902 3091 2256 3173 improbam
2317 3091 2424 3174 (cf.
2480 3092 2523 3155 l.
2577 3094 2678 3170 13,
2730 3093 2764 3175 ἓ
2831 3094 2922 3182 1),

560 3220 753 3283 quum
800 3219 976 3262 mera
1018 3199 1170 3261 vero
1218 3197 1415 3275 acti0,
1475 3220 1639 3281 quae
1699 3197 1911 3262 animo
1966 3196 2316 3281 injuriandi
2376 3201 2622 3277 careat,
2688 3201 2929 3282 puniri

558 3309 839 3388 nequeat
883 3304 927 3367 l.
967 3305 1068 3381 15,
1116 3303 1154 3385 ἐ
1202 3305 1285 3368 23
1330 3302 1394 3367 11.
1443 3308 1490 3369 t.
1541 3304 1889 3387 Ulpianum
1940 3304 1983 3367 l.
2019 3305 2103 3367 26
2151 3302 2445 3379 Paullus3
2507 3327 2626 3382 nec
2685 3315 2931 3373 tamen

559 3410 860 3475 voluntas
906 3409 1013 3474 hic
1059 3432 1313 3493 quoque
1344 3413 1531 3475 tanto
1563 3410 1631 3473 in
1663 3409 2031 3474 discrimine
2064 3413 2163 3473 est
2194 3410 2516 3492 ponenda,
2566 3416 2639 3475 ut
2663 3414 2930 3495 respici

561 3517 791 3581 debeat
837 3538 1014 3581 error
1060 3516 1129 3579 in
1176 3538 1452 3602 persona
1495 3516 1540 3579 1.
1580 3517 1680 3593 18,
1728 3516 1765 3598 ἓ
1814 3518 1986 3579 3-5
2034 3514 2317 3580 Paullus.
2407 3515 2577 3580 Nam
2608 3516 2712 3581 hic
2743 3527 2933 3600 quo-

562 3645 710 3707 que,
782 3623 955 3706 quod
1015 3622 1300 3706 saepiuS,
1371 3622 1707 3702 dicendum
1771 3626 1898 3686 est:
1979 3623 2164 3705 »plus
2225 3625 2320 3685 est
2367 3622 2436 3685 in
2482 3645 2552 3687 re
2597 3645 2794 3707 quam
2854 3628 2934 3692 in

567 3729 1080 3794 »existimatione
1125 3729 1397 3793 mentis«
1452 3730 1572 3812 (cf,
1595 3728 1866 3806 eundem
1899 3729 2034 3812 (41.
2066 3726 2136 3812 4)
2183 3751 2300 3812 pro
2334 3733 2481 3794 emt.
2515 3731 2559 3794 1.
2598 3732 2635 3794 2
2684 3731 2719 3813 ἓ
2756 3734 2931 3817 15)!

735 3835 982 3901 Deinde
1029 3836 1098 3899 in
1145 3836 1395 3900 delictis
1441 3835 1737 3919 publicis,
1785 3835 1870 3898 in·
1901 3836 2045 3920 lege
2092 3835 2500 3918 potissimum
2545 3837 2720 3901 Julia
2764 3860 2934 3906 ma-

552 3942 809 4026 jestatis
854 3943 1255 4007 voluntatem
1299 3942 1367 4006 in
1415 3942 1671 4007 actione
1714 3941 2183 4025 respiciendam
2227 3959 2385 4019 esse,
2436 3943 2569 4025 (48.
2620 3933 2688 4024 4)
2737 3942 2809 4008 h.
2874 3953 2930 4012 t.

561 4048 964 4113 Modestinus
1011 4049 1050 4113 1.
1090 4048 1234 4131 7,·§
1283 4050 1363 4115 3:
1414 4048 1635 4133 procul
1695 4047 1889 4112 dubio
1948 4048 2440 4131 pronuntiatur,
2503 4071 2694 4132 quom
2764 4052 2936 4117 »lu-

561 4156 809 4220 bricum
866 4155 1127 4240 linguae
1184 4176 1317 4219 non
1377 4155 1569 4220 facile
1630 4156 1715 4219 sit
1761 4154 2267 4238 imputandum«
2335 4153 2403 4219 Si
2421 4233 2427 4240 ·
2448 4177 2597 4220 vero
2644 4155 2941 4225 Paullus

562 4262 701 4344 ipse
749 4261 882 4342 (48.
926 4261 1001 4344 8)
1048 4262 1172 4346 leg.
1224 4260 1411 4326 Corn.
1462 4263 1504 4326 l.
1544 4264 1609 4327 7:
1667 4263 1772 4325 »in
1819 4262 1958 4345 lege
1994 4260 2289 4326 Cornelia
2335 4261 2517 4326 dolus
2561 4284 2679 4344 pro
2727 4263 2936 4332 facto

563 4368 907 4450 accipitur,
972 4389 1179 4451 neque
1232 4369 1300 4431 in
1348 4368 1470 4433 hac
1535 4369 1677 4453 lege
1725 4368 1913 4451 culpa
1958 4368 2094 4430 lata
2138 4389 2255 4450 pro
2316 4367 2465 4431 dolo
2513 4368 2840 4451 accipitur
2864 4395 2932 4447 ;‹
3021 4465 3022 4470 γ
