3052 4887
1206 297 1507 392 nia..

194 514 445 555 causam
494 491 862 555 omnimodo
912 488 1240 575 occidendi
1288 490 1592 572 praebere
1654 489 1753 553 vel
1812 488 2072 553 omnino
2118 489 2413 552 laedendi
2460 511 2535 553 ex

192 599 309 662 hoc
357 602 645 681 tempore
693 597 1034 680 puniretur
1092 617 1293 679 aeque
1341 618 1413 659 ac
1472 595 1672 660 laesio
1720 596 2184 671 consummata,
2234 616 2353 658 nec
2400 595 2539 678 jam

110 732 117 737 ·
195 705 370 783 illud,
421 703 592 788 quod
639 704 912 787 legimus
959 703 999 766 l.
1059 704 1164 779 16,
1213 702 1250 784 ἓ
1317 699 1418 785 8¹)
1479 702 1613 787 (48,
1683 702 1792 784 19)
1849 702 1920 766 in
1976 704 2321 785 systemate
2372 701 2538 784 juris

193 811 541 876 criminalis
588 810 859 874 dictum:
918 830 1344 893 »quamquam
1375 808 1515 872 lex«
1558 807 1830 893 (scilicet
1862 807 2203 891 Cornelia),
2252 829 2387 873 non
2417 808 2539 871 mi-

190 941 311 983 nus
359 940 535 995 eum,
601 917 710 1001 qui
771 903 1100 980 occidendi
1162 915 1437 979 hominis
1485 937 1677 979 causa
1722 914 1866 978 cum
1911 916 2046 979 telo
2085 915 2299 997 fuerit,
2349 936 2541 999 quam

192 1047 350 1102 eum,
402 1023 514 1107 qui
560 1023 866 1088 occiderit
886 1073 900 1101 ,
964 1023 1265 1107 puniat,«
1330 1022 1623 1105 exceptio
1686 1026 1855 1087 esset
1913 1021 2023 1085 sed
2077 1023 2331 1105 regula,
2355 1018 2368 1031 ⁸
2390 1021 2541 1106 quia

193 1133 591 1195 voluntatem
636 1130 871 1212 ubique
919 1129 1202 1212 spectari
1239 1129 1513 1213 jubebat
1559 1127 1948 1192 Hadrianus,

365 1235 459 1300 Ut
525 1237 602 1300 de
654 1235 778 1299 hoc
833 1240 1110 1313 taceam,
1184 1234 1351 1318 quod
1419 1236 1694 1300 alterum
1741 1235 2159 1319 principiumz
2237 1226 2539 1299 »eventus

188 1345 285 1408 vel
345 1345 556 1407 exitus
612 1345 1003 1425 spectatum<
1068 1343 1139 1404 in
1200 1342 1391 1432 titulo
1439 1342 1633 1426 longe
1678 1342 2022 1424 posteriori
2069 1364 2258 1425 qua-m
2314 1341 2537 1406 rescri-

191 1455 375 1534 ptum
423 1449 552 1513 divi
599 1448 917 1512 Hadriani
964 1449 1206 1511 dictum
1253 1428 1368 1527 est,
1419 1449 1592 1532 quod
1638 1449 1709 1511 in
1759 1448 1903 1530 jure
1948 1447 2357 1513 Justinianeo
2405 1470 2537 1513 non

191 1557 346 1621 levis
395 1560 492 1620 est
537 1555 864 1635 momenti,
913 1555 1035 1619 hoc
1067 1556 1441 1638 praesertim
1477 1551 1917 1618 annotandum
1962 1557 2086 1619 est:
2134 1553 2539 1618 Hadrianum

196 1682 322 1727 non
369 1661 775 1748 generaliter,
826 1684 1212 1745 quamquam
1261 1662 1353 1725 sic
1396 1662 1652 1725 locutus
1702 1661 1807 1739 sit,
1857 1661 2177 1745 cogitasse
2224 1661 2537 1725 omnium-

191 1792 310 1854 que
370 1770 769 1854 flagitiorum
816 1770 953 1851 jam
1013 1768 1541 1853 praeparationes
1605 1769 1867 1851 punitas
1931 1768 2232 1840 voluisse
2255 1771 2533 1831 testatur

191 1877 364 1941 locus
412 1877 542 1955 ille,
593 1875 705 1960 qui
752 1880 852 1939 est
897 1876 967 1939 in
1000 1875 1193 1939 titulo
1227 1876 1302 1938 de
1333 1875 1579 1958 poenis,
1629 1897 1756 1959 quo
1790 1872 2195 1953 Saturninus,
2247 1874 2358 1957 qui
2389 1864 2538 1957 post

188 1974 647 2066 imperatorem
689 1983 871 2045 illum
920 1982 1100 2059 vixit,
1152 2004 1229 2045 ex
1275 1982 1565 2066 professo
1633 1981 1709 2044 de
1768 1984 2117 2065 systemate
2179 2003 2256 2044 ac
2298 1981 2538 2064 princi·-

192 2089 314 2173 piis
354 2089 519 2174 juris
574 2089 854 2153 Romani
914 2088 1231 2151 disserens
1289 2088 1675 2151 decisionem
1730 2088 1892 2172 legis
1956 2087 2318 2166 Corneliae,
2376 2109 2540 2170 quae

193 2197 448 2279 quidem
492 2197 785 2260 firmatur
830 2195 1146 2278 rescripto
1191 2195 1306 2258 illo
1367 2195 1483 2257 sub
1533 2194 1675 2278 ipso
1733 2195 1893 2279 legis
1943 2193 2276 2259 Corneliae
2323 2194 2535 2271 titulo,

193 2303 676 2387 derogationem
723 2307 785 2365 ei
830 2302 1276 2384 *exceptionem
1308 2302 1611 2385 principii
1636 2301 1960 2385 generalis
1994 2323 2129 2364 esse
2162 2301 2537 2365 confitetur:

200 2415 500 2474 »eventus
567 2413 957 2493 spectatur,«
992 2430 995 2433 ¹
1034 2430 1151 2473 nec
1215 2409 1383 2472 tanti
1449 2409 1762 2473 momenti
1824 2407 1987 2471 mihi
2059 2429 2208 2472 esse¹
2266 2408 2536 2487 videtur,

193 2517 362 2600 quod
386 2517 502 2580 hic
523 2517 1022 2600 jurisconsultus
1055 2515 1434 2598 subjectiva,-
1478 2520 1551 2578 ut
1582 2516 1675 2579 ita
1708 2516 1933 2593 dicam,
1983 2515 2232 2579 ratione
2265 2514 2537 2592 dicendi,

192 2624 381 2688 modo
432 2623 842 2705 conjunctivo
888 2623 1130 2686 utitur:
1182 2625 1525 2705 spectetur.

369 2728 486 2794 Sin
545 2751 695 2793 vero
756 2730 1120 2806 notionem,
1197 2752 1359 2812 quae
1435 2729 1752 2813 singulari
1816 2728 2285 2811 quodammodo
2345 2750 2533 2793 sensu

186 2836 465 2913 dicitur,
514 2834 839 2912 maleficii,
910 2836 1228 2917 quomodo
1284 2834 1558 2898 refertur
1617 2835 1687 2898 in
1765 2835 1836 2899 ti.
1957 2834 2106 2898 Cod.
2171 2833 2411 2897 Theod.
2476 2837 2542 2898 et

189 2941 430 3005 Justin.
481 2941 558 3004 de
602 2941 907 3004 maleficis
956 2945 1018 3004 et
1066 2941 1569 3020 MathematiciS,
1617 2944 1714 3005 uti
1762 2941 2228 3024 Bynkershoek
2274 2940 2539 3004 eandem

191 3048 483 3113 adhiberi
528 3048 688 3124 vult,
745 3048 956 3131 »quod
1003 3048 1363 3111 evidentem
1422 3047 1660 3111 habeat
1719 3048 2069 3125 rationem,
2129 3070 2272 3111 cum
2332 3046 2540 3111 exitus

189 3155 257 3217 in
311 3155 490 3219 hisce
551 3154 684 3217 fere
745 3154 851 3217 sit·
891 3151 1248 3235 nuIIUS,²)«
1317 3155 1523 3218 secuti
1586 3155 1819 3218 erimus
1834 3204 1849 3233 ,
1929 3153 2304 3218 mirabimur
2364 3176 2537 3230 sane,

191 3284 301 3326 cur
348 3265 539 3325 tanta
584 3260 875 3343 emphasi
920 3260 1079 3325 haec
1141 3260 1466 3325 sententia
1524 3262 1614 3324 sit
1671 3261 1951 3344 prolata!
2017 3261 2117 3324 Ex
2172 3260 2420 3324 diverso
2475 3260 2542 3322 id

191 3366 671 3433 concedendum
718 3370 834 3445 est,
887 3368 1058 3450 quod
1104 3367 1224 3431 hoc
1284 3367 1484 3445 idem,
1549 3368 1624 3430 de
1687 3388 1815 3449 quo
1873 3365 2307 3449 Bynkerhoek
2332 3363 2383 3451 ⁸)
2442 3366 2540 3429 lo-

189 3476 446 3559 quitur,
514 3465 925 3558 exstinguere
969 3495 1222 3556 quoque
1270 3473 1600 3537 hominem
1646 3495 1893 3538 veneno
1941 3472 2410 3555 complectitur,
2467 3475 2542 3536 ut

191 3636 367 3643 *αὴ

322 3721 327 3726 ’
370 3722 410 3789 ¹)
450 3720 762 3790 Diligenter
808 3720 875 3773 de
919 3720 1016 3774 illo
1068 3720 1184 3773 loco
1237 3718 1481 3788 loquitur
1528 3719 1851 3785 Zachariae,
1900 3719 1990 3773 die
2036 3718 2211 3773 Lehre
2248 3736 2371 3773 vom
2408 3719 2539 3774 Ver-

187 3812 356 3866 suche
394 3812 495 3865 der
537 3808 893 3881 Verbrechen.
931 3810 962 3875 §
1006 3809 1103 3861 186
1140 3826 1218 3878 sq.
1295 3808 1406 3862 Nec
1456 3808 1790 3878 negligenda
1835 3810 1965 3861 sunt
2016 3823 2157 3876 quae
2207 3808 2403 3878 Abegg
2446 3810 2541 3862 ad-

181 3900 313 3969 jicit
338 3900 399 3953 in
425 3896 705 3952 Kritische
729 3897 1071 3951 Jahrbiicher
1097 3898 1187 3951 fiir
1214 3895 1813 3950 Rechtswissenschaft.
1839 3897 2029 3966 Jahrg.
2058 3896 2122 3951 V.
2154 3897 2306 3950 1841.
2333 3914 2427 3967 pg.
2454 3900 2539 3950 55.

371 3987 414 4056 ²)
455 3987 527 4041 cf.
565 3985 625 4043 G.
661 3986 730 4039 20
769 3986 837 4039 de
870 3986 1059 4055 poenit
1097 3986 1224 4040 dist.
1262 3984 1301 4038 I.
1329 3985 1388 4039 in
1426 3986 1577 4040 med:
1623 3985 2037 4040 »discernuntur
2073 4002 2108 4039 a
2142 3984 2424 4050 maleficiis
2461 4002 2542 4050 ea,

188 4095 330 4147 quae
377 4078 447 4131 de
489 4076 616 4145 jure
663 4074 922 4128 effectum
966 4074 1302 4138 desiderant,
1354 4073 1414 4128 in
1465 4074 1551 4128 his
1589 4074 1737 4128 enim
1774 4091 1885 4128 non
1924 4072 2030 4126 nisi
2066 4074 2239 4127 animi
2270 4073 2542 4142 judicium

187 4166 620 4223 consideratum«
706 4163 870 4233 Apul.
918 4162 1060 4240 Flor.
1111 4162 1168 4216 L.
1218 4161 1280 4218 V.
1336 4162 1424 4216 »in
1479 4163 1761 4217 maleficiis
1812 4161 1983 4215 etiam
2030 4161 2273 4231 cogitata
2322 4162 2541 4229 scelera,

185 4274 298 4311 non
336 4254 589 4325 perfecta
625 4253 805 4306 adhuc
842 4251 1209 4317 vindicantur,
1247 4254 1472 4305 cruenta
1507 4253 1707 4316 mente,
1746 4268 1885 4320 pura
1920 4267 2135 4303 manum<

370 4342 413 4411 ³)
452 4342 601 4395 Idem
641 4340 888 4395 defendit
924 4340 1168 4395 Lelievre
1205 4341 1270 4393 de
1309 4341 1506 4394 conatu
1544 4323 1896 4407 delinquendi
1931 4357 1984 4407 p.
2024 4340 2110 4392 70.

1176 4437 1193 4452 ··
2119 4428 2151 4479 2
