3052 4887
1656 337 1740 405 34

526 544 667 604 tum
717 560 1017 602 venerum
1049 540 1146 600 est
1191 534 1571 598 adhibitum.
1669 533 1835 599 Tum
1883 535 2134 607 demum
2161 536 2342 599 ‘enim
2388 558 2659 620 poenam
2687 536 2873 600 'irro-

528 645 807 730 gandam
840 666 999 721 esse‚
1050 664 1245 726 quom
1290 641 1619 724 potionem
1666 663 1801 705 esse
1832 641 2109 717 letalem,
2162 642 2473 725 sagittam
2522 663 2665 705 vere
2704 643 2875 705 toxi-

529 755 741 815 catam
788 771 923 813 esse
970 750 1271 832 argutum
1318 746 1546 823 fuerit,
1612 746 1917 830 quoniam
1964 748 2259 825 effectuS,
2322 752 2397 812 ut
2444 751 2742 831 apparet,
2805 748 2876 810 in

528 837 802 939 utroque
850 877 1000 919 casu
1044 876 1176 917 non
1224 853 1307 916 ob
1353 852 1925 917 instrumentorum
1957 853 2479 917 insufficientiam
2527 854 2875 936 impeditus

528 963 743 1039 fuerit,
794 982 958 1045 quae
1003 960 1224 1024 eadem
1277 958 1565 1022 conditio
1620 962 1687 1022 et
1731 959 1800 1021 in
1843 981 1918 1022 eo
1964 981 2113 1023 casu
2151 960 2572 1046 intelligenda
2603 981 2738 1023 esse
2785 959 2882 1023 vi-

531 1069 732 1146 detur,
783 1089 970 1150 quem
1000 1066 1102 1129 lex
1133 1064 1625 1148 Visigothorum
1657 1064 1855 1128 refert
1886 1064 1997 1128 lib.
2032 1065 2143 1130 VI.
2195 1066 2249 1130 ti
2284 1068 2322 1129 2
2356 1088 2407 1129 c.
2443 1067 2516 1130 2:
2573 1067 2665 1128 »si
2707 1069 2881 1129 certe

529 1174 758 1258 poculo
805 1173 1037 1237 veneni
1084 1175 1343 1257 potatus
1391 1172 1727 1235 evaserit«

709 1280 950 1343 Eadem
997 1278 1204 1341 denuo
1252 1277 1418 1341 ratio
1468 1298 1609 1351 meo
1644 1277 1899 1360 quidem
1939 1277 2181 1359 judicio
2230 1281 2571 1361 usurpatur
2612 1276 2880 1341 statutis

530 1408 782 1470 quoque
828 1383 1521 1470 MagdeburgensibuS‚
1590 1405 1752 1466 quae
1801 1384 2155 1466 composita
2217 1389 2368 1447 sunt
2415 1406 2530 1467 per
2575 1405 2883 1468 magnam

532 1495 781 1576 partem
829 1514 905 1556 ex
959 1490 1249 1575 speculo,
1314 1488 1484 1572 quod
1545 1488 1798 1568 dicunt,
1860 1488 2162 1555 Saxonici
2211 1489 2404 1572 juris,
2467 1489 2737 1553 articulo
2799 1490 2879 1552 9:

537 1598 670 1662 »Iss
732 1599 797 1661 di
854 1597 1082 1660 wunde
1142 1594 1488 1679 gestochen
1549 1595 1668 1657 mit
1728 1595 1936 1658 einem
1982 1617 2271 1659 mezzern
2293 1645 2307 1673 ‚
2369 1595 2501 1658 und
2562 1596 2719 1659 wird
2767 1594 2886 1684 der

534 1726 732 1768 mann
778 1723 1119 1788 gevangen
1166 1702 1234 1782 in
1283 1701 1392 1764 der
1423 1700 1719 1765 vrischen
1767 1704 1885 1779 tat,
1934 1701 2101 1765 unde
2130 1723 2246 1764 vor
2277 1701 2531 1785 gericht
2568 1700 2886 1785 gebracht

533 1810 652 1873 mit
692 1809 968 1896 gerasto,
1019 1808 1133 1870 her
1177 1828 1328 1891 mag
1374 1806 1462 1869 im
1510 1806 1822 1890 sprechen
1868 1829 1953 1870 an
2001 1808 2180 1871 sinen
2226 1807 2386 1885 hals,
2435 1807 2516 1871 ob
2564 1808 2678 1871 her
2724 1806 2886 1884 will,

531 1938 760 1978 wanne
809 1916 922 1978 daz
954 1936 1195 1977 mezzer
1241 1913 1348 1976 ein
1393 1912 1656 1997 duglich
1690 1917 1860 1976 mort
1907 1913 2067 1990 ist3«
2122 1913 2348 1976 deinde
2379 1913 2448 1975 in
2479 1912 2681 1977 altero
2712 1913 2886 1995 juris

534 2021 787 2086 Suevici
830 2019 1089 2103 speculo
1123 2019 1325 2083 veluti
1357 2040 1406 2082 c.
1445 2020 1607 2082 383:
1665 2022 1878 2082 »einer
1911 2039 2059 2103 mag
2105 2019 2245 2082 sein
2273 2018 2439 2082 weib
2474 2018 2645 2083 wohl
2676 2023 2885 2103 riigen

533 2128 664 2190 und
713 2126 875 2190 weib
924 2127 1061 2189 iren
1107 2148 1322 2202 mann,
1373 2125 1455 2188 ob
1505 2125 1596 2188 sie
1642 2125 1776 2187 ihm
1825 2125 1977 2189 oder
2023 2147 2090 2188 er
2135 2125 2238 2187 ihr
2285 2125 2390 2189 ein
2423 2122 2563 2188 Gift
2599 2108 2885 2204 machet‚

534 2233 615 2296 da
669 2256 819 2297 man
875 2233 978 2296 die
1032 2231 1232 2296 Leute
1290 2233 1409 2295 mit
1469 2231 1745 2315 toedtet3
1801 2230 1898 2295 *sie
1957 2231 2161 2295 sollen
2215 2229 2399 2295 beide
2452 2231 2557 2294 ihr
2602 2230 2891 2297 Gesinde

533 2361 660 2402 von
704 2340 908 2403 ihnen
955 2339 1148 2415 thun‚
1210 2338 1291 2402 ob
1350 2338 1440 2401 sie
1497 2338 1609 2401 der
1656 2337 1910 2400 Unthat
1969 2360 2094 2401 von
2152 2337 2304 2401 inen
2359 2338 2510 2401 inne
2556 2339 2884 2417 werden‚«

531 2435 960 2510 instrumenta
1005 2445 1250 2530 habilia
1297 2449 1451 2508 sunt
1494 2443 1823 2528 requisita.

712 2552 1069 2617 Secundum
1128 2574 1203 2614 ea
1268 2552 1338 2614 in
1411 2554 1621 2614 vetere
1691 2551 1827 2633 jure
1898 2549 2362 2615 Germanorum
2422 2551 2686 2633 impune
2745 2574 2895 2617 esse

536 2660 778 2723 crimen
825 2660 1191 2740 susceptum
1237 2657 1575 2721 inutilibus
1622 2657 2068 2721 instrumentis
2117 2657 2452 2721 dicendum
2498 2662 2614 2723 est.

1045 2849 1083 2903 J
1084 2864 1154 2903 us
1192 2847 1638 2903 Constitutionis
1676 2847 2003 2904 criminalis
2041 2848 2359 2904 carolinae.

1638 2958 1781 3039 §a

712 3082 959 3167 Magna
1006 3105 1157 3148 vero
1203 3082 1566 3146 intercessit
1613 3081 1689 3145 de
1735 3081 2146 3166 legislatione
2184 3082 2367 3165 juris,
2417 3082 2587 3165 quod
2635 3082 2899 3161 dicunt,

536 3190 886 3255 communis
903 3239 919 3267 ‚
993 3189 1069 3253 de
1139 3188 1605 3253 constitutione
1675 3188 1991 3252 criminali
2055 3189 2354 3253 Carolina
2423 3189 2900 3269 controversia,

535 3320 687 3361 num
733 3298 802 3360 in
833 3296 946 3359 illa
993 3296 1149 3360 haec
1196 3295 1548 3359 conaminis
1580 3296 1819 3378 species
1863 3317 2112 3379 poenae
2157 3296 2447 3379 subjecta
2491 3296 2596 3359 sit.
2683 3294 2904 3360 Goar-

535 3409 714 3469 tatur
758 3403 865 3466 hic
910 3406 1171 3468 nostrae
1219 3402 1615 3484 quaestionis
1662 3402 2008 3485 explicatio
2057 3401 2469 3486 paragrapho
2514 3402 2657 3479 illa,
2717 3424 2906 3485 quae

535 3514 632 3573 est
678 3510 756 3573 de
803 3508 1156 3575 conaminis
1202 3508 1490 3587 notione,
1542 3508 1814 3572 articulo
1865 3509 1989 3571 178
2039 3507 2207 3573 CCC.

713 3616 812 3680 Ex
843 3615 1385 3699 superscriptione
1433 3618 1499 3677 et
1548 3637 1624 3678 ex
1653 3614 1752 3691 iis,
1804 3636 1965 3697 quae
2012 3615 2080 3678 in
2128 3614 2401 3679 articulo
2447 3616 2907 3698 exponuntur,

535 3723 602 3786 id
647 3727 903 3787 tantum
949 3744 1066 3805 pro
1114 3724 1286 3785 certo
1336 3724 1552 3805 potest
1597 3721 1903 3805 intelligi,
1951 3721 2413 3805 Imperatorem
2458 3722 2527 3808 in
2576 3723 2914 3809 conatum

535 3830 746 3913 ipsum
804 3828 1230 3892 animadverti
1288 3827 1556 3911 ideoque
1610 3827 1822 3891 recedi
1880 3828 1959 3891 ab
2017 3827 2341 3892 sententia
2392 3827 2556 3910 juris
2602 3825 2916 3892 Romani

537 3959 610 4001 ac
640 3936 871 4000 veteris
909 3936 1076 4019 juris
1111 3934 1480 3999 Germanici
1512 3934 1807 4012 voluisse,
1858 3957 1934 4000 ex
1982 3957 2107 4017 qua
2137 3935 2207 3999 in
2237 3934 2569 3999 nonnullis
2600 3936 2912 4015 tantum,

537 4044 647 4127 qui
693 4065 887 4126 supra
933 4043 1003 4105 in
1048 4041 1327 4105 medium
1373 4040 1613 4124 prolati
1660 4046 1828 4120 sunt,
1881 4040 2151 4119 casibuS‚
2199 4040 2559 4125 puniendus
2605 4039 2716 4102 ille
2758 4046 2915 4109 est.

537 4148 712 4224 Quae
757 4148 928 4213 ratio
967 4148 1208 4230 jurium
1253 4148 1543 4230 priorum
1562 4196 1576 4225 ‚
1629 4152 1931 4212 conatum
1977 4170 2090 4231 per
2136 4169 2202 4211 se
2247 4147 2577 4234 impunem
2625 4167 2762 4210 esse
2815 4156 2923 4214 ut
3019 4133 3020 4142 ¹

222 4333 227 4336 ι
527 4256 663 4338 jam
725 4256 806 4319 ab
866 4255 1056 4320 initio
1126 4277 1243 4319 nos
1301 4255 1633 4331 movebat,
1711 4259 1783 4318 ut
1843 4255 2230 4337 objectivum
2302 4253 2691 4337 principium
2749 4253 2926 4321 illis

238 4331 357 4408 Ἰ
536 4363 1055 4446 supposuerimus
1094 4366 1160 4425 et
1205 4362 1326 4425 hac
1374 4362 1451 4425 de
1498 4384 1691 4425 causa
1737 4366 2034 4426 conatum
2080 4361 2419 4425 inutilibus
2466 4360 2694 4443 opibus
2741 4382 2927 4427 sus-
3019 4399 3020 4410 κ
