3052 4887
1654 315 1737 378 42

525 509 638 593 qui
701 531 776 572 ex
839 508 1111 593 singulis
1176 507 1455 572 civitatis
1515 506 1844 571 ordinibus
1905 507 2239 572 convocati
2304 510 2490 571 erant
2507 555 2521 583 ,
2597 506 2738 570 dein
2796 506 2862 570 in

524 614 968 698 propositione
1017 612 1359 680 MDOCOL
1407 613 1472 677 id
1520 613 1691 699 quod
1738 612 2097 698 propositio
2143 612 2318 677 XLV
2364 612 2610 690 sanxit,
2660 613 2859 678 denuo

524 724 623 786 cst
666 723 1013 803 receptum.
1065 758 1150 766 —
1197 720 1396 785 Notio
1444 720 1707 784 tandem
1755 717 2057 798 conatus,
2116 741 2279 802 quae
2337 719 2404 782 in
2455 719 2668 784 codice
2706 719 2863 803 juris

525 826 874 891 criminalis
906 826 1230 891 Borussici
1265 827 1574 909 adoptata
1621 831 1720 890 cst
1766 826 1801 907 ἓ
1849 828 1955 903 31,
2005 829 2104 890 cst
2145 826 2306 890 hacc
2352 831 2458 890 ut:
2515 847 2622 890 >>61
2669 825 2861 889 durch

525 932 956 1016 Handlungen
1009 933 1247 997 welche
1305 933 1493 996 einen
1549 931 1815 1016 Anfang
1876 933 1986 995 der
2046 930 2470 1017 Ausfiihrung
2516 931 2860 1010 enthalten,

525 1061 609 1103 an
656 1039 779 1102 den
826 1039 968 1123 Tag
1013 1038 1235 1124 gelegt
1282 1038 1414 1102 und
1474 1061 1598 1102 nur
1654 1037 1849 1101 durch
1900 1043 2184 1115 61166616,
2248 1060 2377 1102 von
2435 1039 2580 1101 dem
2623 1036 2863 1102 Willcn

526 1145 633 1209 des
695 1144 967 1209 Thatcrs
1044 1144 1504 1229 unabhangige
1569 1144 1923 1209 Umstande
1991 1143 2335 1229 gehindert
2399 1143 2658 1208 worden
2718 1143 2864 1209 oder

525 1249 694 1314 ohne
741 1250 972 1335 Erfolg
1017 1250 1355 1334 geblieben
1400 1251 1547 1314 ist«
1647 1250 1772 1314 Hic
1818 1249 2113 1333 inprimis
2175 1272 2252 1314 ex
2296 1249 2654 1314 rationibus
2706 1249 2863 1333 legis

528 1357 869 1441 praecipue
932 1357 1279 1421 secundum
1354 1356 1861 1440 propositionem
1938 1356 2093 1420 anni
2168 1355 2346 1420 XLV
2402 1359 2467 1420 et
2524 1356 2865 1420 secundum

527 1463 809 1528 codicem
839 1462 1409 1547 Francogallicum,
1459 1486 1496 1526 a
1531 1466 1589 1539 2,
1629 1485 1818 1546 quem
1842 1462 1975 1545 juri
2007 1462 2327 1527 criminali
2359 1463 2529 1546 apud
2559 1462 2866 1527 Borussos

434 1640 447 1650 m
529 1569 969 1634 recentissimo
1027 1569 1316 1651 exemplo
1379 1568 1577 1632 1111666
1638 1571 1928 1646 constat,
1987 1569 2214 1632 deinde
2277 1591 2354 1632 cx
2416 1568 2626 1633 verbis
2686 1569 2721 1650 ἓ
2781 1571 2863 1633 31

529 1676 845 1758 expressis
907 1675 1247 1739 dicendum
1306 1678 1434 1751 est,
1509 1678 1809 1739 conatum
1878 1677 2018 1738 tum
2088 1675 2341 1758 quidem
2409 1675 2480 1745 in
2535 1676 2681 1760 jure
2736 1697 2863 1738 non

526 1783 736 1846 locum
782 1781 1035 1861 habere,
1084 1781 1463 1865 simulatque
1509 1782 1940 1845 instrumenta
1986 1780 2226 1845 fuerint
2273 1781 2549 1844 inutilia.
2628 1781 2867 1864 Requi-

527 1892 758 1952 runtur
804 1889 1088 1952 6111111.111
1136 1888 1547 1972 paragrapho
1606 1910 1707 1951 res
1768 1887 2084 1951 extrariae
2142 1888 2513 1971 alienaeque
2560 1909 2599 1950 a
2644 1887 2868 1950 volun-

525 1999 660 2059 tate
707 1994 862 2079 eJ‘US,
913 1995 1024 2082 qui
1065 1994 1222 2079 agit,
1273 1993 1505 2078 quibus
1539 1997 1803 2057 eventus
1835 1993 2182 2076 impeditus
2214 1995 2319 2057 sit.
2386 1993 2630 2069 Quibus
2662 1993 2871 2057 verbis

525 2101 821 2184 inprimis
869 2100 1268 2183 poenitentia
1317 2100 1544 2164 efficax
1589 2104 2151 2177 commemoratur,
2216 2122 2377 2183 quae
2426 2121 2714 2177 causam,
2760 2122 2871 2167 cur

524 2229 667 2271 reus
717 2207 1107 2283 absolvatur,
1156 2206 1225 2270 in
1272 2228 1338 2270 sc
1385 2207 1641 2271 habeat.
1720 2205 1843 2270 Illa
1889 2207 2143 2291 quidem
2176 2205 2653 2290 impedimenta,
2703 2196 2868 2290 (11166

526 2335 603 2377 ex
647 2312 985 2375 inutilibus
1028 2312 1474 2376 instrumentis
1522 2312 1879 2395 pariantur,
1930 2317 1997 2377 et
2044 2316 2213 2377 certe
2260 2332 2496 2397 negare
2543 2333 2675 2376 non
2720 2312 2875 2376 licet

526 2419 606 2483 ab
639 2418 972 2484 voluntate
1019 2417 1174 2503 ejuS,
1226 2418 1337 2502 qui
1383 2424 1558 2505 agat,
1608 2419 1962 2502 dependere
2005 2419 2506 2503 quodammod03
2555 2440 2675 2484 nec
2721 2424 2874 2484 sunt

527 2530 766 2603 extera,
818 2548 979 2609 (11166
1028 2525 1272 2589 scilicet
1320 2528 1498 2589 extra
1547 2525 1865 2590 actionem
1914 2526 2201 2591 efficacia
2246 2525 2407 2602 sint,
2455 2525 2872 2592 nominanda.

527 2632 606 2696 In
666 2631 837 2695 hunc
897 2630 1042 2696 ideo
1103 2632 1363 2695 modum
1422 2652 1557 2696 non
1619 2635 1775 2716 apta
1835 2637 2019 2708 sunt,
2084 2654 2247 2715 quae
2305 2633 2372 2694 in
2432 2632 2877 2698 conaminibus

524 2738 955 2823 requirantur,
1005 2739 1480 2821 impedimenta.
1532 2776 1619 2785 —
1665 2738 1807 2802 Hoc
1853 2759 2002 2804 vero
2035 2761 2167 2802 non
2215 2740 2419 2802 solum
2466 2738 2537 2802 in
2583 2738 2877 2802 absolute

525 2844 893 2921 inutilibus,
958 2846 1069 2908 sed
1115 2844 1312 2908 etiam
1357 2845 1426 2907 in
1472 2844 1739 2908 relative
1786 2844 2055 2908 utilibus
2103 2845 2273 2908 valet
2321 2845 2387 2907 in
2429 2845 2572 2927 jure
2633 2845 2878 2908 Borus-

3005 1802 3008 1943 1

525 2950 677 3014 6160.
748 2987 837 2996 -
904 2950 1048 3015 Huc
1115 2951 1361 3014 accedit
1427 2951 1495 3015 id
1564 2950 1735 3035 quod
1793 2951 2208 3014 multifariam
2274 2951 2706 3034 disceptatum
2775 2954 2881 3016 est
3007 2989 3008 3010 1

533 3056 844 3141 »Anfang
915 3056 1025 3120 der
1094 3055 1577 3142 Ausfiihrung.«
1720 3056 2079 3123 Secundum
2150 3058 2346 3122 talem
2416 3057 2589 3123 enim
2651 3079 2881 3122 vocem

522 3163 797 3247 legalem
861 3163 1118 3247 quidem
1174 3164 1250 3226 (16
1307 3163 1855 3229 animadversione
1905 3163 2232 3228 inutilium
2294 3163 2703 3228 conaminum
2765 3186 2878 3227 co-

524 3269 723 3355 gitari
776 3291 908 3333 non
967 3292 1154 3353 posse
1212 3274 1415 3354 patet.
1526 3270 1730 3346 Quom
1790 3270 1959 3333 enim
2020 3293 2150 3334 non
2207 3269 2526 3354 possimus
2588 3269 2879 3353 aliquam

522 3398 659 3439 rem
731 3376 813 3440 ad
880 3377 1073 3441 finem
1153 3377 1529 3459 perducere,
1619 3381 1758 3441 tum
1828 3399 1909 3440 ne
1980 3377 2056 3440 de
2127 3376 2317 3441 initio
2387 3375 2643 3460 quidem
2718 3376 2880 3440 licet
3007 3391 3008 3456 j

523 3482 730 3564 loqui,
811 3503 886 3546 ac
955 3505 1118 3566 quae
1186 3488 1287 3548 est
1356 3483 1470 3546 illa
1540 3482 1861 3547 sententia
1930 3483 2024 3546 dc
2075 3481 2392 3566 objectivo
2460 3503 2627 3579 nexu
2693 3483 2878 3546 inter

524 3590 884 3670 susceptam
931 3588 1252 3653 actionem
1299 3593 1364 3653 et
1423 3594 1720 3653 eventum
1776 3588 1899 3653 hoc
1959 3589 2099 3653 loco
2146 3592 2436 3672 reperta,
2497 3611 2879 3672 quanquam
3007 3587 3008 3596 ’

523 3694 741 3779 praxis
789 3717 862 3758 ac
909 3716 1156 3762 summa
1179 3695 1504 3779 judicialis
1537 3695 1996 3779 interpretatio
2026 3694 2254 3760 itidem
2293 3695 2468 3758 facta
2501 3695 2881 3761 distinctio·-

524 3823 671 3867 nem
717 3801 886 3865 inter
933 3801 1226 3866 absolute
1274 3807 1340 3866 et
1385 3802 1652 3866 relative
1698 3801 2012 3865 inhabilia
2056 3802 2275 3884 posuit
2321 3824 2395 3866 ac
2433 3801 2723 3866 defendit
2768 3802 2881 3866 in-

523 3910 916 3985 strumenta,
981 3911 1286 3974 conatum
1347 3907 1685 3972 inutilibus
1746 3907 2106 3972 rationibus
2168 3913 2538 3993 susceptum
2596 3929 2672 3973 ex
2724 3909 2881 3992 jure

521 4013 861 4077 Borussico
895 4013 1213 4078 criminali
1241 4014 1647 4078 liberandum
1694 4035 1828 4078 6666
1876 4014 2426 4078 animadversione
2473 4014 2630 4098 quin
2677 4016 2883 4098 pute-

522 4141 694 4198 111116,
755 4120 965 4184 facere
1027 4142 1154 4184 non
1214 4142 1567 4203 possumus,
1660 4120 1831 4184 Nam
1876 4122 1950 4183 ut
1996 4119 2368 4184 omittamus
2415 4120 2613 4185 talem
2658 4120 2883 4186 nihilo

522 4226 783 4311 probari
830 4225 1319 4291 distinctionem
1368 4226 1598 4303 videri;
1648 4226 1840 4291 verbo
1887 4225 2062 4291 initii
2106 4249 2277 4304 vera,
2326 4247 2616 4310 quaeque
2662 4227 2735 4290 in
2781 4227 2888 4291 le-

522 4332 852 4417 gislatoris
885 4337 1098 4397 mente
1132 4334 1595 4417 praesumenda
1642 4336 1757 4410 est,
1805 4332 2297 4418 significatione,
2348 4333 2667 4400 actionem
2702 4356 2890 4419 quac
3007 4389 3008 4400 ,
