3052 4887
1329 300 1412 363 35

1426 391 1579 398 ..v—0¹*—

201 500 459 580 ceptum
515 517 724 579 poena
769 495 1147 570 eximamus3
1206 495 1332 570 ita,
1391 494 1564 577 quod
1609 493 1675 555 in
1726 486 1875 557 CCC
1923 494 2192 556 conatus
2221 492 2374 575 ¹ipse
2420 513 2541 575 pu-

202 604 399 680 nitur,
445 605 617 665 certe
648 600 1069 683 subjectivam
1091 601 1255 683 juris
1284 600 1601 664 rationem
1633 599 1902 681 ideoque
1933 598 2547 662 animadversionem

203 709 532 793 quibusvis
593 707 1040 772 conaminibus
1107 710 1421 771 statutam
1480 706 1678 769 fuisse
1738 705 2155 780 demonstrat.
2247 704 2324 768 Id
2378 704 2547 787 quod

199 815 361 878 nulli
407 813 800 878 dubitationi
843 813 1146 877 videlicet
1191 813 1551 896 subjectum
1598 818 1784 890 esset,
1835 811 1892 874 si
1937 811 2029 874 nil
2077 811 2250 874 aliud
2293 810 2360 874 in
2395 808 2545 875 CCC

200 924 369 984 esset
414 920 750 984 sancitum.
801 957 886 966 —
933 918 1071 983 Nec
1117 923 1336 983 tamen
1383 940 1555 982 mere
1588 916 2014 1000 subjectivum
2058 917 2447 1000 principium
2478 917 2545 979 in

199 1027 325 1092 hac
372 1026 833 1090 constitutione
880 1025 1219 1103 exsistere,
1282 1025 1392 1089 sed
1453 1025 1600 1088 sola
1636 1023 1869 1088 idonea
1927 1023 2146 1106 potius
2209 1023 2547 1087 conamina

199 1132 419 1217 puniri
464 1154 842 1216 persuasum
901 1138 999 1196 est
1058 1132 1252 1216 longe
1299 1130 1595 1215 plurimis
1650 1134 1717 1194 et
1761 1130 1949 1195 nobis
1996 1152 2075 1193 ex
2132 1130 2344 1194 verbis
2392 1129 2549 1192 arti-

200 1238 330 1302 culi
364 1239 511 1303 178.
605 1237 730 1302 Η16
776 1260 930 1302 sane
962 1237 1360 1302 solummodo
1394 1237 1736 1300 Tittmann
1782 1240 1848 1300 et
1878 1240 2028 1320 post
2060 1258 2205 1300 eum
2237 1235 2546 1311 Selchow‚
2577 1302 2582 1309 ,

199 1344 430 1409 deinde
495 1343 842 1409 Waechter
910 1344 976 1407 in
1053 1343 1338 1407 favorem
1408 1365 1637 1426 nempe
1705 1341 2044 1406 rationalis
2119 1343 2406 1425 ipsorum
2475 1342 2551 1405 de

199 1452 397 1516 hocce
444 1451 778 1515 conamine
810 1450 1159 1527 doctrinae,
1208 1451 1407 1513 etiam
1436 1449 1694 1513 inutilia
1743 1449 2084 1512 conamina
2130 1471 2208 1511 ex
2255 1447 2403 1513 CCC
2434 1469 2552 1531 pu-

201 1557 439 1621 nienda
494 1578 629 1620 esse
690 1556 1111 1620 contendunt.
1174 1592 1262 1601 —
1333 1556 1711 1639 Quanquam
1768 1554 2158 1639 generaliter
2214 1560 2278 1617 et
2332 1554 2552 1637 utique

100 1746 107 1755 .
198 1664 482 1729 breviter
532 1661 680 1727 CCC
743 1663 1102 1727 sententiae
1150 1685 1224 1727 eo
1272 1684 1472 1744 usque
1516 1666 1816 1745 receptae
1879 1661 2153 1744 opponit
2199 1660 2400 1743 ipsius
2447 1682 2553 1723 ra—

198 1771 465 1846 tionem,
508 1792 584 1832 ea
614 1769 918 1833 nimirum
950 1769 1229 1833 brevitas
1263 1790 1340 1832 ex
1371 1769 1547 1833 omni
1578 1767 2001 1850 dispositione
2034 1766 2553 1843 Constitutionis‚

199 1877 271 1940 in
321 1898 448 1959 qua
491 1875 850 1939 mehercule
898 1897 1014 1939 nec
1058 1875 1341 1939 levitatis
1403 1896 1521 1938 nec
1583 1873 2020 1937 festinationis
2078 1873 2352 1958 vestigia
2409 1895 2554 1956 per-

199 1983 428 2067 spicua
486 2004 621 2046 esse
682 2004 900 2045 omnes
958 1982 1404 2058 consentiunt,
1468 1980 1731 2044 omnino
1793 2001 1923 2043 non
1987 2001 2061 2043 ea
2117 1983 2331 2043 mente
2389 1978 2555 2043 acei-

198 2089 441 2173 pienda
487 2092 605 2165 est,
655 2091 728 2151 ut
762 2087 1151 2152 sententiam
1198 2089 1278 2150 ab
1325 2087 1536 2150 verbis
1567 2086 1960 2170 legislatoris
2007 2086 2284 2149 alienam
2316 2106 2556 2169 suppo-

198 2197 466 2258 namus!
562 2192 769 2268 Quom
830 2193 999 2256 enim
1047 2194 1385 2257 Tittmann
1447 2192 1656 2269 dicat3
1715 2193 1769 2255 si
1833 2191 2086 2274 quidem
2143 2192 2337 2256 verba
2392 2192 2556 2275 legis

198 2306 569 2377 teneamUS‚
632 2300 709 2363 de
769 2300 1316 2363 animadversione
1381 2303 1654 2363 conatus
1715 2299 2052 2362 inutilibus
2112 2297 2557 2362 instrumentis

199 2408 521 2491 susceptis
569 2406 855 2491 cogitare
901 2427 1019 2470 nos
1065 2428 1199 2470 nou
1246 2427 1452 2489 posse,
1504 2405 1886 2490 cogitavisse
1933 2426 2083 2469 vero
2121 2405 2559 2490 legislatorem

200 2515 281 2579 de
333 2514 581 2598 volgari
623 2513 1068 2577 tantummodo
1114 2513 1470 2576 conaminis
1519 2512 1749 2596 specie,
1800 2512 1876 2576 de
1911 2512 2247 2576 conamine
2293 2511 2557 2575 utilibus

200 2620 439 2703 opibus
485 2623 814 2683 attentato
847 2619 1116 2702 ideoque
1164 2619 1533 2704 adstrictius
1571 2607 1856 2682 locutum
1894 2640 2048 2696 esse,
2097 2640 2304 2702 neque
2336 2618 2561 2700 utique

200 2725 406 2790 verba
457 2725 886 2789 »scheinliche
919 2724 1175 2802 Werke,
1225 2724 1462 2788 welche
1509 2746 1620 2787 zur
1669 2724 2150 2809 volubringung
2196 2725 2305 2787 der
2338 2725 2558 2787 misse-

197 2832 356 2897 that
404 2831 748 2896 dienstlich
794 2831 931 2894 sein
977 2838 1273 2915 mogen‚«
1327 2830 1599 2914 amplius
1648 2853 1801 2907 esse,
1853 2853 2047 2913 quam
2083 2831 2320 2894 nudam
2367 2852 2559 2914 para-

197 2939 515 3024 phrasin,
576 2959 693 3000 nec
753 2937 1142 3001 sententiam
1201 2937 1557 3021 exprimere
1618 2936 2153 3015 Constitutionis‚
2210 2937 2558 3001 secundum

196 3066 405 3128 quam
458 3043 669 3108 facere
728 3065 861 3107 non
908 3042 1251 3126 possimus,
1315 3044 1471 3126 quin
1518 3044 1588 3105 in
1635 3045 2016 3122 veneficum,
2079 3044 2188 3126 qui
2246 3065 2562 3107 venenum

194 3174 355 3217 cum
404 3149 534 3213 alia
579 3149 943 3212 substantia
989 3149 1316 3213 miscuerit
1361 3171 1564 3232 eoque
1593 3150 1783 3213 modo
1817 3149 1946 3212 vim
1994 3149 2128 3232 ejus
2177 3151 2553 3233 corruperit,

194 3257 827 3331 animadvertamus3
877 3255 998 3319 hoc
1045 3256 1463 3339 opprobrium
1495 3255 1671 3319 haud
1716 3256 2034 3320 immerito
2083 3278 2120 3318 a
2151 3255 2497 3319 Zachariae
2512 3254 2559 3338 ¹)

194 3368 267 3430 et
319 3386 362 3426 a
410 3362 632 3425 multis
680 3361 823 3424 aliis
862 3361 998 3443 jam
1039 3362 1347 3444 rejectum
1392 3367 1506 3426 est.
1561 3399 1644 3408 —
1690 3362 1840 3426 Alio
1889 3362 2075 3426 modo
2109 3360 2453 3425 Waechter
2487 3363 2563 3426 de

189 3473 328 3535 hoc
380 3467 653 3532 articulo
692 3465 1031 3548 disserit2),
1083 3467 1191 3549 qui
1237 3469 1306 3531 in
1341 3468 1670 3551 apposito:
1727 3467 2035 3546 »werkem
2087 3467 2188 3530 die
2221 3490 2333 3531 zur
2380 3468 2564 3532 voln-

190 3577 545 3658 bringung
592 3573 703 3636 der
734 3574 1032 3637 missetat
1077 3572 1418 3638 dienstlich
1449 3574 1587 3637 sein
1634 3579 1905 3657 mogen«
1960 3573 2380 3656 subjectivum
2414 3579 2562 3638 tan-

190 3680 546 3749 tummodo
594 3701 829 3742 nexum
874 3680 1043 3742 inter
1089 3679 1383 3743 effectum
1432 3701 1506 3743 ac
1554 3684 1850 3761 coeptum
1893 3679 2140 3743 facinus
2188 3680 2427 3762 requiri
2459 3703 2564 3744 ar-

191 3791 529 3865 bitratur,
604 3807 798 3869 quom
859 3787 1051 3850 verba
1118 3787 1291 3849 »sein
1355 3791 1626 3870 m‘ogen«
1700 3786 2164 3868 interpretatur
2223 3809 2296 3851 eo
2357 3810 2564 3866 sensu,

400 4069 439 4134 ι)
480 4067 739 4138 Ejusdem
794 4068 1099 4123 sententiae
1157 4067 1328 4122 etiam
1381 4069 1583 4139 Abegg
1637 4075 1742 4123 est:
1798 4067 2072 4123 Kritische
2122 4068 2569 4139 Betrachtungen

188 4166 347 4222 fiber
387 4159 498 4213 den
533 4157 793 4211 Entwurf
823 4175 877 4226 p.
918 4159 1037 4211 154.

400 4245 445 4313 ²)
481 4246 779 4300 Waechter
806 4246 927 4300 Beil
951 4245 1144 4299 XXIII.
1181 4263 1236 4315 p.
1261 4247 1349 4298 49.
1376 4247 1587 4299 2.--50.
1626 4245 1695 4302 cf.
1721 4245 2038 4299 Feuerbach
2060 4245 2195 4300 Rev.
2234 4245 2283 4297 11
2319 4263 2374 4314 p.
2400 4245 2503 4299 269
2531 4246 2569 4299 f.

189 4341 383 4402 Jarke
429 4334 746 4390 Handbuch
781 4334 823 4387 I.
862 4353 917 4404 p.
954 4334 1076 4399 217,
1115 4333 1303 4388 Luden
1340 4334 1785 4404 Abhandlungen
1822 4334 1862 4392 I.
1902 4354 1954 4404 p.
1991 4337 2095 4388 475
2134 4353 2213 4404 sq.

2174 4423 2250 4476 3*
