3052 4887
1364 327 1449 391 27

215 526 670 586 consummata
717 543 792 585 ac
838 523 1334 587 consummanda
1381 544 1537 586 esse.
1618 523 1800 597 Quod
1830 526 2170 605 utrumque
2216 545 2254 585 a
2295 521 2571 585 Waech·

211 631 365 692 tero
380 624 430 709 ¹)
489 630 784 712 negatur.
833 646 923 674 -‘—-
967 627 1095 692 Vix
1140 633 1239 693 est
1282 630 1352 692 in
1398 629 1734 712 proposito
1780 632 2023 707 nostr0,
2071 632 2147 693 ut
2193 628 2569 692 accedamus

210 735 298 797 ad
348 734 634 818 singula.
714 732 858 798 Hoc
903 735 1128 817 utique
1175 735 1599 800 dubitandum
1646 756 1721 798 ex
1754 734 2028 799 Romani
2066 734 2229 817 juris
2275 733 2567 809 historia,

210 863 338 904 nec
372 840 454 902 de
474 862 560 904 ‚eo
592 839 1009 924 cogitandum
1044 844 1158 917 est,
1210 841 1384 924 quod
1412 839 1763 905 Waechter
1807 841 2144 905 notionem
2175 840 2373 918 illam,
2408 860 2570 922 quae

209 947 407 1012 nobis
456 947 715 1030 quidem
759 947 828 1008 in
877 968 995 1010 usu
1043 950 1140 1010 est
1188 951 1253 1011 et
1301 947 1637 1030 aptissima
1690 948 1970 1024 videtur,
2033 947 2204 1030 apud
2248 945 2569 1009 Romanos

207 1074 479 1138 quoque
531 1053 844 1117 usitatam
890 1053 1085 1117 fuisse
1145 1054 1477 1118 contendit
1489 1051 1558 1136 ²).
1675 1054 1861 1118 Illam
1925 1042 2357 1137 potissimum,
2408 1073 2570 1135 quae

209 1159 470 1243 optimo
494 1159 639 1242 jure
668 1159 1004 1238 increbuit,
1052 1160 1422 1242 opinionem
1453 1160 1798 1242 sequimur,
1840 1161 1947 1243 jus
1977 1158 2306 1224 criminale
2336 1157 2570 1222 Roma-

207 1288 370 1329 num
423 1258 490 1328 in
523 1265 794 1349 singulis
826 1269 1084 1329 tantum
1115 1266 1366 1331 casibus
1397 1266 1706 1342 facinora,
1757 1286 1922 1349 quae
1939 1266 2033 1333 ad
2064 1267 2337 1330 alterum
2368 1265 2570 1329 scelus

207 1371 680 1456 perficiendum
762 1373 1136 1454 pertineam,
1154 1422 1168 1450 ,
1255 1394 1591 1437 consuesse
1660 1372 1888 1455 punire
1959 1390 2075 1436 nec
2157 1372 2269 1436 illa
2339 1371 2570 1456 punire

210 1499 342 1562 qua
392 1478 734 1542 criminum
779 1479 1150 1556 conamina,
1213 1478 1321 1542 sed
1368 1481 1442 1541 ut
1502 1478 1769 1556 delicta,
1832 1500 1994 1562 quae
2041 1500 2155 1541 sua
2201 1478 2264 1541 vi
2323 1500 2397 1543 ac
2451 1499 2569 1561 po-

212 1588 465 1649 testate
513 1587 814 1648 constent
859 1605 932 1648 ac
978 1607 1092 1668 per
1137 1607 1205 1649 se
1243 1583 1593 1668 judicanda
1638 1584 1792 1649 sint.
1904 1583 2115 1649 Simili
2163 1585 2352 1648 modo
2397 1585 2569 1668 leges

208 1691 607 1756 recentiores
653 1691 725 1753 in
770 1690 1282 1774 conjurationem
1344 1690 1851 1755 animadvertere
1911 1692 2121 1755 solent
2178 1693 2245 1754 et
2303 1691 2371 1753 in
2430 1711 2568 1754 mo-

208 1820 348 1862 rem
428 1819 608 1860 arma
686 1796 940 1861 occulta
1019 1790 1338 1881 gestandi.
1454 1797 1611 1872 Quis
1681 1797 1851 1861 enim
1910 1800 2039 1876 est,
2125 1797 2237 1881 qui
2305 1818 2383 1859 ex
2445 1796 2568 1860 hac

210 1904 557 1970 sanctione
610 1903 667 1967 si
726 1903 903 1966 nulla
963 1904 1285 1987 generalis
1344 1905 1516 1987 apud
1569 1904 1792 1988 regula
1848 1904 1925 1968 de
1984 1907 2220 1967 conatu
2266 1904 2565 1978 exstaret,

209 2033 332 2075 nos
383 2013 689 2074 conatum
736 2009 998 2073 omnino
1048 2010 1333 2092 puniisse
1380 2010 1890 2093 interpretetur?
1975 2009 2073 2074 Ac
2119 2009 2391 2072 multum
2453 2008 2567 2072 ab-

211 2121 344 2195 est,
411 2120 488 2180 ut
547 2116 646 2194 id,
710 2116 881 2198 quod
926 2115 993 2178 in
1041 2115 1318 2192 factum,
1388 2115 1558 2199 quod
1613 2116 1821 2179 adhuc
1878 2117 1948 2178 in
2008 2115 2301 2179 effectum
2356 2114 2569 2196 ipsum

210 2224 468 2302 tendat,
519 2244 724 2305 aequo
774 2243 1018 2306 poenae
1064 2242 1297 2306 genere
1343 2225 1540 2305 atque
1588 2222 1885 2285 effectum
1916 2222 2002 2286 sit
2032 2220 2564 2297 animadversum,

215 2329 410 2394 nobis
461 2329 864 2406 adversetur,
914 2351 1107 2412 quom
1151 2327 1446 2406 Romani,
1496 2332 1571 2392 ut
1618 2328 1881 2411 opinor,
1944 2350 2076 2392 non
2121 2349 2375 2392 omnem
2420 2327 2567 2390 illo-

211 2458 359 2499 rum
405 2435 728 2500 factorum
772 2435 995 2519 utique
1054 2433 1334 2521 logicum
1394 2457 1628 2499 nexum
1681 2435 2086 2520 neglexerint
2130 2433 2241 2498 sed
2286 2432 2568 2497 sanctio-

212 2564 328 2607 nes
394 2543 544 2607 illas
605 2543 784 2605 nullo
845 2542 971 2606 alio
1036 2542 1177 2605 loco
1235 2543 1460 2606 melius
1519 2542 1900 2627 faciliusque
1968 2540 2369 2606 collocandas
2433 2561 2568 2604 esse

212 2649 595 2733 putaverint
615 2698 629 2727 ,
693 2670 884 2731 quam
946 2648 1015 2711 111
1069 2648 1198 2712 illis
1260 2648 1652 2715 criminibus.
1746 2648 1975 2712 Denuo
2030 2669 2192 2723 non,
2260 2668 2385 2730 quo
2450 2667 2568 2710 nos

210 2758 570 2840 systemate
617 2758 890 2833 utamur,
923 2754 1250 2819 Romanos
1298 2755 1586 2839 potuisse
1634 2755 1764 2831 uti,
1816 2759 2127 2838 systema,
2180 2753 2350 2836 quod
2398 2752 2570 2835 apud

210 2863 359 2925 illos
420 2863 495 2925 in
552 2884 671 2925 usu
730 2862 927 2925 fuisse
985 2861 1370 2926 Saturninus
1416 2862 1655 2926 referre
1702 2862 1984 2936 videtur,
2047 2859 2207 2924 satis
2253 2880 2569 2943 superque

211 2968 527 3033 ostendit.
620 2967 888 3032 Minime
949 2968 1243 3052 gentium
1311 2968 1380 3033 in
1456 2968 1819 3052 generalem
1884 2967 2237 3032 terribilem
2298 2969 2569 3030 conatus

212 3076 652 3159 cujuscunque
714 3074 1329 3139 animadversionem
1389 3075 1775 3158 pervenisse,
1840 3074 2167 3139 Romanos
2232 3072 2565 3137 credimus

213 3180 415 3245 Nulla
479 3179 607 3245 alia
662 3181 790 3244 nisi
849 3180 1156 3246 utilitatis
1211 3204 1430 3260 causa,
1510 3203 1673 3265 quae
1724 3181 1857 3264 juri
1926 3178 2239 3264 singulari
2307 3178 2567 3242 omnino

399 3392 439 3458 ¹)
479 3392 601 3446 Beil
624 3391 794 3456 XXII,
829 3409 883 3461 p.
908 3392 977 3446 45
1003 3409 1049 3447 0.
1076 3392 1147 3446 cf.
1173 3391 1309 3449 alios
1334 3408 1566 3463 quoque,
1603 3392 1702 3462 qui
1734 3392 1847 3447 fere
1882 3391 2029 3447 idem
2064 3388 2335 3446 sentiunt:
2373 3387 2571 3459 Cmpp,

218 3480 404 3536 Sectio
440 3481 484 3547 Ι,
524 3482 736 3535 57-66
775 3499 828 3534 11.
864 3480 932 3534 Π.
1003 3480 1247 3547 Welker,
1286 3480 1468 3535 Letzte
1506 3480 1726 3535 Grunde
1762 3499 1816 3551 p.
1855 3481 1977 3534 555.
2050 3480 2333 3545 Schroter,
2378 3477 2568 3532 Hand-

212 3570 362 3625 buch
401 3571 433 3637 ξ
473 3571 561 3625 83.
636 3569 918 3634 Schrader,
956 3568 1185 3624 Institut
1222 3588 1276 3640 p.
1316 3570 1435 3622 761.
1509 3568 1669 3635 Rein,
1708 3568 1967 3624 crim-R.
2006 3570 2102 3624 der
2138 3568 2339 3623 Romer
2387 3587 2440 3639 p.
2479 3568 2565 3622 63.

215 3658 283 3711 64
319 3677 401 3728 sq.
478 3659 548 3713 cf.
588 3656 851 3713 Wachter
887 3657 1058 3711 etiam
1097 3657 1383 3712 Lehrbuch
1419 3657 1464 3710 I.
1502 3676 1555 3727 p.
1597 3659 1715 3712 138.
1788 3658 2005 3728 Abegg‚
2042 3657 2328 3712 Lehrbuch
2364 3676 2418 3727 p.
2447 3657 2569 3711 175.

211 3745 516 3802 Zachariae
554 3746 597 3799 Ι.
636 3764 689 3815 p.
729 3746 797 3800 92
834 3746 905 3800 ad
940 3746 1092 3800 illius
1128 3746 1331 3801 librum
1370 3746 1646 3801 Kritische
1682 3746 2022 3800 Jahrbiicher
2066 3746 2106 3799 f.
2144 3744 2565 3799 Rechtswissen-

213 3833 413 3889 schaft.
453 3835 520 3889 V.
559 3834 864 3905 Jahrgang.
906 3834 1061 3889 1841.
1135 3835 1348 3905 Abegg‚
1385 3854 1440 3905 p.
1480 3836 1549 3889 54
1585 3853 1665 3905 sq.
1737 3834 1926 3889 Luden
1961 3853 2017 3904 p.
2055 3837 2104 3889 9.
2651 3879 2654 3884 .

400 3921 442 3991 ²)
482 3922 762 3989 Wachter,
799 3922 1088 3978 Lehrbuch
1133 3925 1226 3978 des
1274 3923 1611 3978 Strafrechts
1656 3942 1709 3994 p.
1748 3924 1815 3977 52
1850 3941 1929 3992 sq.
2018 3922 2259 3987 Quocum
2296 3921 2568 3977 consentit

215 4009 470 4080 inprimis
510 4012 716 4067 Bauer:
773 4011 971 4067 »Ware
1025 4012 1118 4067 die
1161 4012 1339 4084 Frage
1389 4014 1448 4067 in
1486 4013 1799 4068 demselben
1836 4012 2015 4081 (Rom.
2053 4012 2141 4079 R.)
2184 4030 2280 4066 zur
2325 4011 2566 4081 Sprache

214 4099 563 4168 gekommen‚
598 4118 656 4155 so
692 4102 879 4176 warde
914 4101 1109 4172 gewiss
1147 4102 1234 4155 ffir
1269 4101 1359 4178 die
1385 4100 1758 4156 Strafbarkeit
1794 4100 2004 4156 solcher
2039 4101 2409 4170 Handlungen
2448 4102 2566 4153 ent·

215 4187 474 4244 schieden
512 4190 729 4244 worden
766 4189 884 4243 sein
900 4232 912 4255 ,
952 4190 1075 4244 weil
1114 4191 1236 4244 dem
1277 4189 1432 4244 Rom.
1470 4189 1537 4243 Β..
1593 4189 1953 4243 bekanntlich
2001 4190 2090 4245 die
2127 4189 2286 4244 datin
2322 4189 2404 4244 oft
2440 4206 2564 4243 aus·

216 4279 584 4344 gesprochene
634 4278 864 4334 Ansicht
908 4298 974 4333 zu
1026 4278 1246 4333 Grunde
1282 4279 1436 4347 liegt‚
1483 4279 1607 4333 dass
1643 4294 1699 4332 es
1735 4278 1977 4348 weniger
2027 4279 2114 4332 die
2143 4284 2364 4332 aussere
2400 4277 2566 4342 Thau

215 4361 297 4414 als
334 4365 432 4444 der
468 4366 640 4421 Wille
677 4368 771 4430 sei,
810 4368 1022 4421 worauf
1054 4367 1143 4422 die
1179 4367 1360 4421 Strafe
1398 4368 1639 4436 bezogen
1678 4366 1902 4420 werde«
