3052 4887
1635 432 1646 435 Α
1687 342 1777 435 20

549 537 763 620 qualis
810 536 895 601 sit
942 559 1193 622 quoque
1239 535 1486 615 tendat,
1538 558 1610 600 ac
1657 537 1911 600 demum
1958 536 2302 599 secuudum
2359 537 2426 599 id
2488 538 2882 601 animadver-

556 644 713 707 tisse
777 644 1101 721 effectum,
1174 644 1416 707 crimen
1474 647 2005 707 consummatum.
2107 641 2430 727 Quidquid
2491 647 2711 707 tamen
2775 647 2889 720 est,
3001 661 3002 689 ¹

557 750 688 814 sive
735 752 804 812 in
851 749 961 813 illo
1008 751 1147 814 loco
1194 773 1351 829 una,
1400 750 1533 813 sive
1580 749 1816 825 altera,
1867 750 2000 813 sive
2047 749 2241 813 tertia
2286 749 2441 812 insit
2485 749 2699 823 notio,
2750 749 2893 813 dein
3001 834 3002 839 η

554 857 686 921 sive
747 879 823 920 ex
877 856 988 920 illo
1058 856 1197 920 loco
1265 855 1654 939 principium
1718 855 2174 938 subjectivum,
2241 857 2343 919 cui
2400 857 2665 939 jamjam
2726 856 2894 920 inter

551 968 763 1027 cetera
822 962 980 1026 satis
1027 964 1275 1040 obstat,
1337 962 1508 1045 quod
1567 961 1971 1045 poenitentia
2032 984 2163 1025 non
2223 962 2599 1026 observatur
2641 962 2715 1024 in
2753 963 2893 1045 jure

552 1069 988 1133 Romanorum
1059 1069 1411 1144 criminali;
1484 1068 1617 1132 sive
1681 1067 2071 1151 objectivum
2127 1068 2595 1152 quodammodo
2658 1069 2893 1152 princi-

551 1177 729 1260 pium
778 1180 1071 1260 apparet,
1121 1177 1244 1240 hoc
1291 1175 1548 1259 quidem
1595 1198 1711 1259 pro
1761 1178 1933 1239 certo
1981 1175 2312 1240 habemus
2338 1198 2409 1239 ac
2454 1197 2571 1258 pro
2608 1177 2890 1258 experto,

551 1282 722 1366 quod
769 1304 961 1365 supra
999 1283 1133 1364 jam
1191 1281 1557 1359 attulimus,
1621 1304 2076 1365 saepenumero
2134 1282 2296 1366 juris
2356 1282 2635 1345 Romani
2697 1305 2892 1365 quum

559 1390 906 1473 scriptores
951 1394 1089 1452 tum
1136 1387 1334 1452 etiam
1373 1388 1873 1472 jurisconsultos
1921 1388 2171 1452 classici
2220 1388 2386 1465 aevi,
2438 1389 2606 1471 quod
2655 1388 2893 1466 dicunt,

547 1518 680 1560 non
726 1495 1213 1559 accuratissimis
1261 1517 1510 1578 semper
1556 1495 1767 1561 verbis
1815 1496 2003 1560 modo
2070 1495 2371 1578 ampliori
2416 1495 2606 1559 modo
2656 1495 2893 1559 artiore

546 1603 852 1687 loquendi
898 1622 1131 1686 genere
1180 1623 1325 1665 usos
1375 1624 1507 1665 esse
1557 1602 1827 1685 ideoque
1887 1602 2097 1666 locum
2163 1601 2407 1666 huncce
2466 1624 2599 1665 non
2658 1623 2894 1686 magno

548 1710 616 1773 in
664 1708 1030 1773 discrimine
1079 1709 1442 1792 ponendum
1491 1730 1645 1773 esse.
1741 1708 1857 1773 Cui
1907 1708 2109 1788 enim,
2174 1712 2248 1772 ut
2306 1709 2596 1791 exemplo
2645 1708 2771 1772 alio
2820 1730 2897 1772 ex

539 1815 681 1898 jure
749 1815 1065 1880 criminali
1124 1824 1301 1894 utar,
1372 1816 1439 1879 in
1502 1819 1780 1879 mentem
1839 1815 2052 1879 veniet
2110 1814 2467 1879 Justiniani
2528 1837 2782 1899 quoque
2828 1816 2896 1878 in

547 1942 599 1985 c.
650 1925 685 1986 5
738 1922 816 1985 ad
860 1922 1070 2006 legem
1114 1921 1354 1985 Juliam
1402 1919 1492 2006 (9.
1546 1922 1612 2004 8)
1662 1922 1963 1986 dicentis:
2016 1922 2234 1985 eadem
2280 1922 2622 1985 severitate
2669 1923 2899 1986 volun-

547 2032 748 2092 tatem
796 2028 1068 2106 sceleriS,
1119 2051 1247 2112 qua
1296 2029 1592 2092 effectum
1640 2028 1855 2112 puniri
1888 2029 2036 2112 jura
2068 2029 2427 2106 voluerunt,
2478 2029 2740 2111 ejusque
2771 2029 2901 2092 loci

545 2135 614 2198 in
662 2136 820 2200 alios
869 2157 1121 2218 quoque
1171 2157 1349 2199 casus
1397 2134 1880 2199 transferendi?

1651 2242 1685 2323 ξ
1734 2243 1793 2305 4.

722 2347 950 2432 Neque
996 2353 1246 2427 tamen,
1314 2369 1703 2433 quamquam
1759 2349 2114 2431 paullulum
2171 2349 2440 2432 longum
2494 2350 2620 2426 est,
2687 2347 2906 2413 facere

546 2479 882 2540 possumus
932 2458 1087 2539 quin
1137 2456 1525 2540 objectivum
1559 2456 1739 2532 illud,
1792 2456 1961 2539 quod
1996 2455 2460 2533 contendimuS,
2509 2456 2904 2539 principium

414 2638 419 2642 .
545 2563 614 2626 iu
663 2563 933 2648 singulis
997 2586 1251 2647 quoque
1314 2563 1694 2627 criminibus
1755 2583 2118 2644 expressum
2182 2584 2318 2625 esse
2366 2562 2904 2628 demonstremus,

545 2669 694 2733 Jam
743 2669 984 2733 dictum
1031 2673 1128 2733 est
1174 2669 1215 2732 l.
1258 2671 1312 2748 1,
1361 2669 1397 2752 ὅ
1446 2671 1484 2732 2
1536 2668 1708 2752 quod
1742 2669 2010 2752 quisque
2034 2668 2197 2750 juris
2232 2669 2319 2751 (2.
2354 2666 2424 2755 2)
2459 2669 2539 2731 ab
2570 2667 2903 2753 Ulpiano:

551 2774 761 2860 »quod
806 2776 1149 2840 statuerit«
1202 2798 1282 2840 ne
1332 2776 1717 2839 verbotenus
1766 2776 1854 2839 sit·
1902 2774 2374 2858 accipiendum,
2441 2775 2551 2838 sed
2599 2779 2736 2839 tum
2789 2777 2902 2840 de-

544 2905 719 2946 mum
766 2883 1056 2961 existere,
1108 2905 1300 2967 quom
1344 2883 1610 2945 effectus
1657 2881 1895 2945 decreti
1943 2881 2141 2959 adsit,
2206 2903 2304 2946 res
2356 2881 2673 2965 perfecta,
2723 2882 2906 2967 inju—
3009 2881 3010 2892 ¹

545 2989 643 3053 ria
690 2992 1130 3054 consummata
1177 2988 1280 3054 sit.
1363 2988 1538 3065 Quae
1586 2989 1639 3052 si
1687 2989 2087 3053 solummodo
2121 2991 2351 3071 coepta
2397 2988 2503 3065 sit,
2561 2988 2655 3052 »si
2702 3011 2906 3072 quom
3009 2977 3010 3020 ¹

543 3096 735 3160 vellet
804 3100 1087 3161 statuere
1146 3095 1513 3179 prohibitus
1564 3096 1710 3172 sit,«
1783 3117 1916 3159 non
1962 3116 2152 3177 posse
2199 3094 2324 3158 dici
2371 3098 2690 3158 statutum
2737 3117 2903 3162 esse.
3009 3133 3010 3180 j

551 3202 757 3279 »Quid
803 3204 1030 3281 enim,‹<
1085 3203 1176 3266 ait
1223 3203 1361 3280 ille,
1433 3202 1684 3266 »obfuit
1731 3204 2028 3280 conatuS,
2094 3223 2288 3292 quom
2344 3202 2583 3284 injuria
2645 3201 2908 3266 nullum

545 3309 844 3373 habuerit
889 3310 1249 3374 effectuml«
1349 3308 1532 3384 Quod
1581 3308 1837 3394 quidem
1868 3307 2256 3374 Prudentem
2310 3308 2493 3372 illum
2548 3308 2616 3370 in
2665 3308 2906 3373 iisdem

544 3416 726 3480 libris
773 3415 888 3480 III.
940 3416 1021 3479 ad
1067 3415 1369 3492 edictum,
1422 3415 1655 3499 quibus
1703 3413 1806 3478 Fr.
1849 3416 1948 3494 18,
1997 3415 2143 3500 Dig.
2190 3416 2321 3499 (48,
2364 3416 2469 3497 19)
2501 3415 2907 3495 inveniatur,

544 3521 857 3606 scriptum
903 3543 1036 3586 esse
1084 3522 1246 3587 bene
1303 3520 1660 3586 notandum
1706 3526 1822 3585 est.
1895 3559 1972 3567 -—
2040 3521 2254 3597 Quod
2283 3521 2362 3585 ad
2424 3544 2573 3586 vera
2633 3520 2907 3602 delicta,

542 3628 839 3712 inprimis
887 3629 968 3693 ad
1013 3628 1257 3694 furtum
1304 3627 1577 3704 attinet3
1652 3628 2205 3705 contrectationiS,
2271 3650 2460 3711 quam
2525 3628 2786 3693 concisa
2838 3634 2912 3694 et

544 3736 1025 3800 accommodata
1070 3736 1158 3800 sit
1205 3735 1476 3820 singulis
1523 3735 1776 3799 casibus
1809 3735 2123 3819 expositio
2158 3735 2294 3817 ejus
2327 3733 2628 3813 notioniS,
2679 3757 2908 3800 recor-

545 3842 791 3907 demur:
855 3843 1156 3907 arborum
1212 3842 1592 3926 praesertim
1659 3841 1759 3906 fur
1767 3842 1883 3905 tim
1944 3863 2269 3905 caesarum
2332 3842 2462 3924 (47.
2516 3844 2580 3923 7)
2629 3840 2911 3907 Paullus

543 3949 584 4016 l.
637 3951 674 4014 5
723 3971 817 4033 pr.
913 3948 1180 4034 Saepius
1229 3950 1400 4015 enim
1448 3949 1688 4013 dictum
1742 3948 2135 4026 invenimus,
2194 3948 2435 4012 furtum
2496 3948 2548 4011 si
2595 3948 2737 4044 quis
2794 3972 2912 4012 ar-

540 4078 734 4141 guere
782 4056 956 4135 velit,
1006 4058 1248 4140 partim
1295 4056 1808 4121 contrectatione
1865 4055 2154 4139 perfecta
2214 4076 2375 4139 opus
2437 4075 2570 4120 esse
2633 4041 2770 4139 (47.
2832 4057 2910 4140 2)

542 4164 606 4226 h.
655 4166 702 4228 t.
752 4162 898 4246 Ulp.
947 4164 992 4229 l.
1042 4165 1146 4243 21,
1195 4163 1352 4246 §73
1404 4164 1491 4247 (4.
1546 4162 1704 4245 1)J.
1740 4162 1963 4247 oblig.,
2014 4185 2177 4246 quae
2225 4161 2452 4226 exdel.
2505 4161 2646 4243 §83
2695 4162 2913 4243 1.43,

545 4270 580 4351 ἓ
629 4273 687 4334 5.
739 4269 885 4354 Ulp.
936 4270 998 4334 h.
1050 4281 1130 4347 t.;
1178 4270 1219 4335 l.
1261 4272 1340 4335 10
1391 4269 1541 4354 Ulp.
1591 4270 1633 4333 l.
1690 4272 1790 4346 ll,
1838 4269 1899 4333 h.
1936 4277 1985 4333 t.
2035 4269 2239 4334 Paull.
2275 4269 2316 4334 l.
2367 4269 2449 4332 67
2499 4290 2591 4351 pr.
2645 4267 2912 4350 CelsuS,

544 4376 712 4460 quod
761 4377 937 4441 nullo
994 4377 1249 4459 quidem
1310 4377 1439 4440 alio
1496 4376 1785 4459 exemplo
1852 4375 2083 4440 clarius
2145 4375 2608 4458 dilucidiusque
2669 4380 2917 4459 potest
