3052 4887
1307 318 1557 412 ἔξω*

173 534 335 575 ΥωειειἼ
359 512 411 574 si
458 512 526 575 in
560 511 901 574 *nonnullis
950 511 1341 574 criminibus
1371 534 1447 577 ea
1479 534 1731 595 quoque
1779 514 1971 586 facta,
2023 535 2183 596 quae
2213 517 2516 577 conatum

177 617 460 682 criminis
506 638 626 681 nos
666 618 931 702 :quidem
979 619 1103 682 hoc
1150 622 1442 701 tempore
1491 621 1557 682 et
1604 619 1928 702 appellare
1989 623 2058 683 et
2114 620 2518 684 animadver-

176 729 309 789 tere
356 725 834 803 consuevimu8‚
899 722 1188 808 subjecta
1244 725 1784 789 animadversioni
1832 726 2003 809 apud
2054 725 2374 790 Romanos
2420 726 2515 790 vi-

174 831 404 907 demus
460 831 617 895 haec
656 831 1031 895 omnimodo
1078 835 1212 895 stat
1259 831 1606 908 sententia,
1654 832 1754 914 jus
1801 832 1959 896 illud
2006 855 2143 897 esse
2191 833 2518 917 singulare

171 956 291 1001 nec
334 959 526 1021 ‘posse
573 942 709 1001 tam
755 960 831 1002 ex
878 938 1200 1002 communi
1261 938 1548 1001 omnium
1592 960 1804 1002 rerum
1850 938 2132 1017 ratione,
2191 961 2387 1021 quam
2441 962 2518 1003 ex

171 1043 429 1108 formali
476 1066 550 1108 ac
596 1043 820 1108 stricta
864 1043 1118 1108 ratione
1162 1044 1379 1128 legum
1438 1045 1610 1129 apud
1671 1044 1994 1109 Romanos
2007 1043 2056 1128 ¹)
2083 1090 2084 1095 κ
2113 1046 2516 1111 ferendarum

172 1152 242 1216 in
287 1152 423 1214 alia
463 1151 754 1227 crimina,
805 1150 915 1214 ubi
960 1171 1094 1215 non
1141 1156 1295 1215 sunt
1340 1149 1576 1215 similia
1622 1151 1892 1230 sancita,
1937 1153 2217 1217 extendi.
2312 1152 2403 1217 Ut
2447 1153 2517 1216 in
2567 1196 2571 1203 -

166 1257 297 1323 XII
341 1257 582 1322 tabulis
630 1256 699 1320 in
734 1257 990 1321 duobus
1037 1256 1209 1321 haud
1258 1257 1445 1322 dubie
1492 1259 1764 1335 casibm,
1816 1259 2062 1338 deinde,
2122 1260 2293 1343 quod
2340 1282 2517 1323 vere-

174 1364 381 1428 simile
426 1368 544 1442 est,
594 1363 662 1426 in
709 1386 829 1429 usu
867 1363 1255 1447 judiciorum
1301 1363 1703 1446 publicorum
1742 1365 1879 1448 jam
1928 1366 2199 1444 obtinet,
2248 1369 2515 1430 conatus

172 1471 314 1555 pari
361 1493 572 1554 poena
619 1493 695 1535 ac
743 1475 1279 1535 consummatum.
1303 1472 1543 1535 crimen
1590 1472 1897 1536 sancitur.
1991 1472 2032 1536 J
2036 1495 2140 1536 am
2188 1496 2264 1536 ex
2295 1472 2422 1537 hac·
2448 1494 2517 1536 re

175 1579 253 1642 ad
304 1578 639 1642 veritatem
686 1599 890 1661 prope
934 1577 1200 1651 accedit,
1251 1577 1609 1655 Romanos,
1674 1601 1872 1661 quum
1918 1583 2213 1661 suscepta
2259 1582 2516 1642 tantum

172 1685 441 1749 crimina
464 1682 1089 1760 animadverterent,
1140 1706 1271 1748 non
1318 1689 1456 1747 tam
1494 1685 1819 1767 justitiam
1852 1686 2517 1768 observasseeamque

175 1795 425 1856 secutos
473 1813 627 1868 esse,
676 1813 868 1873 quam
916 1791 1075 1854 alias
1135 1791 1438 1855 rationes.
1551 1791 1705 1866 Quis
1766 1792 1937 1856 enim
1997 1796 2121 1870 est,
2188 1791 2301 1875 qui
2344 1812 2517 1855 nunc

175 1920 422 1982 quoque
471 1896 805 1974 infitietur,
853 1898 1171 1962 rationem
1222 1897 1387 1980 juris
1444 1919 1521 1961 ac
1568 1898 1861 1980 justitiae
1922 1898 2295 1982 prohibere,
2358 1897 2516 1980 quin

174 2004 510 2068 conamina
558 2008 623 2068 et
655 2003 926 2067 crimina
957 2008 1402 2069 consummata
1438 2003 1578 2068 sine
1609 2004 1743 2068 ullo
1776 2004 2143 2070 discrimine
2176 2004 2516 2069 aestimen-

174 2114 279 2174 tur
323 2133 396 2175 ac
441 2111 838 2193 puniantur?
896 2109 1200 2174 Attamen
1246 2110 1367 2174 hoc
1414 2110 1635 2192 utique
1683 2111 1750 2173 in
1796 2115 2104 2196 promptu
2148 2110 2516 2195 ponendum

175 2220 287 2296 est,
336 2217 390 2280 si
435 2217 763 2280 Romanos
811 2217 984 2293 aliis,
1047 2239 1237 2300 quam
1275 2217 1600 2299 justitiae,
1669 2217 2030 2296 rationibus
2089 2217 2386 2281 inductos
2443 2216 2514 2280 in

173 2323 442 2408 singulis
480 2327 750 2387 tantum
797 2323 1173 2388 criminibus
1221 2323 1290 2386 in
1340 2332 1641 2388 conatum
1675 2323 2206 2389 animadvertisse
2235 2327 2512 2400 constat,

177 2435 473 2496 conatum
519 2429 858 2495 inutilibus
906 2429 1352 2495 instrumentis
1400 2434 1786 2515 susceptum,
1846 2430 2023 2495 nullo
2072 2430 2347 2514 quidem,
2399 2430 2517 2494 ali-

175 2542 271 2601 ter
314 2543 449 2602 rem
495 2560 562 2601 se
613 2537 864 2616 habere,
892 2542 1210 2602 *exstante
1260 2538 1653 2612 testimonie,
1703 2537 2029 2621 impunem
2075 2559 2229 2601 esse.

328 2644 524 2720 ‘Quae
568 2644 639 2707 in
690 2645 834 2727 jure
891 2644 1210 2708 criminali
1268 2644 1717 2727 antiquissimo
1774 2645 2164 2729 generaliter
2216 2644 2517 2709 observa-

177 2750 366 2815 batur
411 2751 605 2827 ratic.
651 2751 870 2815 eadem
920 2751 1220 2815 videlicet
1267 2751 1521 2815 valebat
1569 2774 1642 2814 ac
1685 2752 1988 2815 manebat
2032 2751 2100 2814 in
2131 2750 2514 2827 iis-delictis,

176 2878 440 2939 quorum
506 2861 780 2941 poenam
849 2858 1175 2940 postulare
1234 2857 1302 2920 in
1366 2857 1704 2921 voluntate
1774 2857 1906 2941 ejus
1926 2908 1939 2935 ‚
2012 2857 2123 2941 qui
2181 2859 2518 2940 acceperat

173 2963 491 3042 damnum,
539 2964 824 3047 positum
867 2966 1025 3028 erat.
1119 2964 1257 3028 Nec
1303 2964 1475 3028 euim
1522 2967 1811 3041 conatuS‚
1851 2968 1934 3027 *ut
1979 2986 2174 3047 supra
2218 2963 2512 3039 vidimUS‚

171 3070 441 3153 punitur·
461 3070 551 3134 -in
598 3070 847 3134 delictis
906 3070 1201 3155 privatis.
1252 3108 1340 3117 ——-
1386 3070 1465 3134 In
1532 3071 1904 3134 criminibus
1962 3092 2112 3136 vero
2160 3069 2517 3134 extraordi-

168 3178 365 3241 nariis
432 3177 605 3241 tales
656 3177 968 3254 actioneS‚
1030 3199 1188 3260 quas
1242 3199 1362 3240 nos
1441 3177 1782 3241 conamina
1840 3177 2170 3262 appellare
2218 3177 2512 3253 solemUS‚

173 3284 431 3368 punitas
464 3305 600 3347 esse
633 3283 1233 3347 animadvertimus:
1276 3283 1839 3348 »sollicitationem
1870 3283 2223 3347 alienarum
2254 3282 2516 3365 nuptia·

171 3412 308 3454 rum
342 3423 345 3428 ·
375 3391 675 3473 itemque>
730 3390 1290 3454 matrimoniorum
1352 3389 1940 3473 interpellatores‚«
2007 3393 2081 3454 ut
2137 3389 2511 3473 explicatur,

170 3502 433 3580 propter
501 3497 901 3560 voluntatem
970 3497 1367 3578 perniciosae
1434 3496 1799 3573 libidinis,«
1883 3500 2216 3579 »stuprum
2282 3496 2516 3579 imper-

165 3605 418 3682 fectum,
464 3604 937 3686 conjurationes
985 3601 1091 3687 (cf.
1126 3604 1169 3668 l.
1206 3606 1283 3668 16
1320 3626 1413 3686 pr.
1465 3602 1851 3668 Saturninus
1885 3604 1962 3667 de
2002 3602 2227 3686 poenis
2258 3603 2366 3668 48.
2409 3600 2513 3682 19)

167 3710 617 3793 latronumque
663 3710 1156 3787 conscientiam3
1167 3736 1197 3772 «
1254 3714 1319 3774 et
1367 3710 1837 3775 animadversio
1893 3711 2124 3774 horum
2178 3708 2517 3773 criminum

172 3818 358 3882 modo
400 3817 626 3881 eadem
685 3817 1034 3881 secundum
1089 3818 1408 3902 regulam,
1476 3817 1668 3881 modo
1728 3818 1965 3895 minor,
2029 3820 2101 3880 ut
2159 3815 2227 3878 in
2290 3818 2516 3933 stupro

171 3927 284 4000 est,
335 3946 527 4008 quam
576 3944 741 4005 quae
787 3923 863 3986 de
912 3927 1353 3987 consummato
1411 3922 1679 3987 crimine
1722 3923 2058 4007 infligitur.

175 4047 273 4055 ⁶*-

351 4099 388 4166 1)
429 4100 499 4155 cf.
538 4098 782 4154 Lelievre
818 4099 885 4153 de
923 4101 1122 4154 conatu
1156 4098 1424 4169 puniendi
1448 4117 1503 4169 p.
1532 4100 1617 4164 37»,
1656 4099 1742 4154 cui
1767 4097 2039 4154 consentit
2062 4098 2228 4168 plane
2254 4097 2518 4151 Mitterm.

170 4187 238 4242 N.
276 4188 438 4243 Arch.
475 4188 527 4241 X
563 4207 615 4257 p.
655 4187 775 4252 543,
815 4204 915 4242 nec
950 4187 1132 4265 minus
1169 4187 1334 4242 Sanio
1372 4189 1443 4242 ad
1478 4189 1661 4257 legem
1698 4187 1908 4243 Cornel.
1935 4187 2002 4241 de
2031 4186 2262 4242 sicariiS.
2300 4184 2517 4254 Regim.

175 4278 325 4331 1827.
365 4297 418 4347 p.
458 4276 706 4331 86-112
743 4277 814 4330 cf.
835 4277 1023 4331 eodem
1062 4277 1180 4331 loco
1215 4296 1272 4345 p.
1295 4278 1383 4340 86,
1420 4296 1476 4345 p.
1501 4278 1622 4330 107.
1663 4277 1818 4342 Rein,
1858 4275 2116 4329 otim-R.
2155 4293 2209 4344 p.
2234 4275 2353 4338 126,
2397 4275 2517 4338 130,

173 4364 390 4435 singula
431 4366 665 4419 crimina
702 4382 767 4419 ac
803 4365 1007 4419 delicta
1042 4366 1452 4435 proponentem.
