3052 4887
1318 329 1399 392 13

173 523 345 607 jusce
391 523 486 587 rei
532 522 887 606 exemplum
935 521 1214 587 citandO.
1308 520 1495 585 Nihil
1543 543 1696 585 sane
1741 523 1941 586 refert
1956 571 1970 600 ,
2018 544 2174 594 num
2218 521 2520 587 delictum

177 629 500 712 privatum
546 651 631 692 an
676 629 915 692 crimen
962 627 1540 719 extraordinarium
1595 650 1678 691 an
1733 629 1972 692 crimen
2032 629 2359 711 publicum
2405 630 2518 705 sit;
2583 618 2584 624 ἵ

179 734 321 798 dein
385 735 553 799 actio
617 734 866 819 legibus
925 734 1127 798 vetita
1187 733 1429 798 factum
1491 755 1573 796 an
1603 790 1608 797 .
1636 733 1877 798 dictum
1933 756 2044 798 anf
2076 734 2386 817 scriptum
2431 771 2518 780 --

181 841 372 903 etiam
422 840 759 904 consilium
805 839 910 904 hic
958 840 1376 924 proponitur,
1425 843 1500 902 ut
1546 840 1993 923 exponendum
2038 840 2225 904 nobis
2274 841 2398 904 erit
2433 879 2516 889 --

176 946 400 1026 fuerit,
465 969 656 1032 quom
704 969 834 1011 non
880 946 1190 1012 levissimi
1238 945 1323 1009 sit
1368 946 1679 1010 momenti
1739 946 1909 1029 quod
1967 940 2353 1010 Saturninus
2399 948 2523 1012 hoc

174 1053 313 1117 loco
369 1053 441 1116 in
509 1053 904 1135 exponendis
962 1074 1208 1136 poenae
1269 1052 1747 1116 conditionibus
1809 1060 1976 1116 'non‘
2012 1053 2330 1135 quomodo
2400 1076 2519 1118 nos

175 1159 448 1224 solemus
467 1208 481 1237 ,
543 1159 938 1235 distinxerit;
1009 1159 1285 1222 alterum
1344 1162 1633 1242 systema
1691 1158 1879 1222 nobis
1924 1157 1995 1222 in
2039 1159 2081 1223 l.
2138 1160 2216 1223 16
2264 1181 2360 1242 pr.
2410 1160 2516 1225 cit.

174 1266 446 1330 refertur
491 1266 821 1349 proprium
867 1266 1300 1330 Romanorum
1346 1265 1414 1328 in
1455 1265 1600 1347 jure
1632 1264 1967 1341 criminali,
2018 1286 2147 1348 quo
2180 1265 2337 1330 satis
2369 1287 2519 1350 pro-

174 1372 314 1436 bari
382 1375 599 1455 potest
667 1371 990 1436 Romanos
1049 1372 1119 1435 in
1176 1372 1323 1455 jure
1381 1371 1638 1455 poenali
1700 1371 1923 1435 solitos
1981 1392 2116 1434 esse
2173 1372 2514 1448 actionem,

175 1478 380 1562 qualis
427 1478 543 1556 sit,
602 1477 859 1543 intueri.
953 1477 1090 1542 Nec
1135 1479 1275 1556 fiet,
1337 1481 1410 1541 ut
1467 1499 1545 1541 ex
1591 1477 1764 1550 loco,
1827 1499 2015 1562 quem
2060 1479 2250 1542 modo
2298 1479 2521 1543 attuli-

172 1608 330 1663 mus,
384 1584 722 1649 consilium
770 1606 1021 1668 quoque
1066 1585 1136 1648 in
1182 1584 1565 1666 quibusdam
1598 1582 2058 1648 violationibus
2105 1584 2318 1668 puniri
2370 1607 2520 1669 pro-

170 1691 550 1767 nuntiante,
618 1690 957 1775 quisquam
998 1691 1282 1775 colligat
1327 1689 1651 1754 Romanos
1715 1691 2107 1773 generaliter
2167 1691 2236 1754 in
2284 1692 2520 1755 volun-

168 1800 374 1862 tatem
420 1797 625 1861 solam
669 1796 1031 1879 improbam
1077 1797 1395 1861 saeviisse.
1497 1796 1772 1860 Etiamsi
1830 1797 2001 1860 enim
2060 1797 2383 1881 exempla,
2446 1800 2519 1861 ut

171 1904 650 1986 conjurationes
699 1908 764 1967 et
808 1903 1137 1968 latronum
1183 1903 1578 1968 conscientia
1625 1925 1910 1987 quosque
1972 1902 2131 1967 alios
2193 1903 2519 1973 suadendo

162 2011 421 2092 juvisse,
471 2009 833 2092 improbam
892 2012 956 2073 et
1018 2009 1428 2074 manifestam
1494 2009 1891 2074 voluntatem
1950 2009 2341 2092 puniendam
2386 2031 2523 2072 esse

169 2117 552 2193 ostendunt,
610 2119 826 2179 tamen
873 2119 1084 2180 certae
1130 2139 1239 2180 eae
1287 2121 1441 2180 sunt
1488 2119 1805 2194 actioneS,
1868 2116 1938 2179 in
1995 2138 2153 2199 quas
2192 2116 2299 2198 jus
2346 2116 2522 2198 posi-

172 2223 378 2286 tivum
426 2222 851 2286 animadverti
907 2223 1074 2302 vult,
1137 2245 1459 2306 quaeque,
1525 2223 1816 2306 quamvis
1877 2220 2084 2306 logice
2141 2223 2220 2285 ad
2282 2222 2523 2286 crimen

172 2316 457 2412 ejusdem
480 2330 732 2413 generis
760 2333 1287 2406 consummatum,
1315 2333 1475 2412 puto
1500 2351 1741 2406 necem,
1769 2328 2182 2393 latrocinium
2206 2332 2521 2412 spectent,

171 2435 442 2500 crimina
487 2435 752 2520 propria
798 2436 993 2500 semel
1037 2436 1108 2500 in
1145 2437 1288 2519 jure
1338 2435 1659 2501 criminali
1721 2439 2078 2522 ponuntur,
2143 2435 2521 2519 quibuscum

165 2565 297 2606 non
360 2543 766 2626 permittitur
838 2543 1126 2608 conferre
1183 2545 1342 2608 alios
1406 2566 1623 2622 casuS,
1702 2543 1814 2626 qui
1859 2542 2110 2626 legibus
2172 2564 2303 2605 non
2369 2546 2522 2606 sunt

167 2649 467 2732 respecti.
577 2648 875 2713 Ceterum
936 2650 1274 2714 dilucidius
1355 2650 1667 2714 antithesi
1730 2649 1980 2713 consilii
2040 2649 2337 2712 adversus
2398 2649 2527 2712 tria

166 2756 294 2819 alia
324 2756 666 2820 criminum
698 2778 962 2841 genera:
1019 2756 1249 2834 stacta,
1302 2756 1494 2833 dicta,
1545 2756 1846 2840 scripta,«
1901 2777 2064 2838 quae
2097 2756 2176 2819 ab
2201 2755 2525 2837 juriscon-

167 2863 353 2926 sultis
402 2862 668 2927 omnino
715 2866 975 2947 recepta
1021 2863 1273 2927 videtur
1289 2862 1336 2945 1)
1356 2912 1371 2941 ,
1431 2863 1942 2926 demonstratum
1988 2865 2121 2939 est,
2186 2861 2522 2925 consilium

165 2991 300 3033 non
355 2972 703 3052 tantopere
763 2969 958 3034 fuisse
1029 2970 1094 3033 in
1171 2969 1535 3056 discrimine
1600 2969 1914 3051 positum,
1985 2971 2059 3032 ut
2116 2967 2396 3032 Romani
2454 2968 2521 3031 id

164 3076 732 3160 aequiparaverint
780 3076 966 3139 simul
1014 3076 1306 3140 omnibus
1355 3074 1583 3140 ceteris
1650 3076 1889 3151 causis,
1950 3075 2181 3157 quibus
2242 3075 2523 3139 efficitur

166 3183 473 3247 delictum
522 3203 828 3265 corpusve
877 3182 1123 3259 delicti3
1187 3182 1379 3246 sicuti
1423 3181 1611 3246 nobis
1659 3181 1963 3245 nimirum
2010 3181 2358 3245 secundum
2402 3202 2521 3244 no-

162 3294 384 3369 stram,
436 3310 635 3372 quam
680 3288 857 3353 soliti
905 3312 1120 3353 sumus
1153 3289 1492 3353 observare
1525 3288 2024 3366 distinctionem,
2071 3287 2245 3351 haud
2276 3288 2516 3370 injuria

156 3397 320 3461 libet
367 3399 674 3478 suscepta
719 3396 988 3459 crimina
1033 3396 1490 3460 consummatis
1525 3417 1847 3479 opponere
1880 3396 2277 3459 criminibus.
2352 3394 2524 3462 Nam

156 3508 232 3568 ut
280 3507 614 3569 taceamus
661 3502 738 3565 de
786 3502 1026 3581 ordine,
1076 3525 1202 3586 quo
1262 3504 1329 3566 in
1378 3505 1729 3586 systemate
1790 3502 2125 3566 consilium
2183 3506 2281 3564 est
2328 3524 2519 3569 causa

157 3610 504 3686 criminum
577 3608 1090 3687 denominatum,
1175 3609 1387 3693 ipsum
1456 3612 1763 3692 systema:
1856 3609 2167 3687 »factum,
2255 3611 2514 3690 dictum,

156 3718 477 3801 scriptum
496 3765 510 3793 ,
576 3715 952 3779 consilium«
989 3736 1002 3749 .
1015 3716 1172 3780 satis
1232 3716 1518 3781 'ostendit
1592 3737 1723 3779 non
1779 3737 2132 3801 permagno
2193 3721 2520 3783 momento

157 3844 291 3887 esse
352 3845 548 3908 posse
612 3820 1012 3912 eonsilium2)
1071 3823 1142 3886 in
1192 3824 1336 3907 jure
1385 3820 1719 3886 criminali.
1829 3822 1966 3898 Quo
2034 3824 2278 3889 accedit
2348 3826 2519 3909 quod

334 4036 374 4104 ¹)
414 4037 452 4091 l.
496 4035 583 4100 52,
621 4038 651 4097 ἓ
693 4036 775 4088 19.
848 4035 1116 4104 Ulpianus
1152 4036 1258 4103 (47.
1299 4035 1350 4103 2)
1395 4052 1601 4106 »neque
1638 4037 1819 4102 verb0‚
1866 4050 2044 4105 neque
2080 4036 2353 4107 scriptura
2391 4037 2512 4106 quis

156 4128 404 4182 »furtum
450 4124 620 4190 facit,
669 4140 839 4193 quare
884 4128 940 4178 et
975 4140 1134 4194 opem
1179 4124 1321 4180 ferre
1360 4129 1415 4179 et
1451 4125 1740 4179 consilium
1778 4126 1907 4179 dare
1942 4127 2076 4180 tunc
2119 4128 2307 4191 nocet,
2344 4143 2515 4195 quum

153 4218 380 4271 »secuta
418 4213 784 4269 contrectatio
821 4214 950 4267 est.«
1002 4213 1040 4271 l.
1083 4214 1130 4280 1,
1168 4214 1200 4281 ἓ
1239 4216 1287 4268 1.
1324 4214 1596 4284 Ulpianus
1636 4215 1742 4283 (47.
1784 4213 1890 4281 10).
1929 4212 2156 4269 Paullus
2194 4214 2321 4268 Rec.
2360 4213 2511 4270 Sent.

147 4306 214 4362 V.
255 4306 342 4372 29,
381 4305 414 4372 ξ
457 4306 483 4357 1
527 4303 598 4357 de
633 4301 862 4357 crimine
897 4302 1224 4372 majestatis,
1261 4302 1487 4357 Tacitus
1525 4303 1669 4357 Ann.
1708 4304 1745 4357 l.
1786 4304 1870 4357 72.

334 4393 375 4461 ²³)
416 4392 633 4447 Gellius
671 4391 829 4447 Noct.
869 4393 982 4446 Att.
1020 4392 1118 4446 lib.
1158 4394 1206 4446 7.
1245 4410 1329 4462 cp.
1367 4393 1429 4446 3:
1466 4392 1744 4447 neminem
1788 4392 1915 4462 »qui
1940 4392 2086 4445 male
2111 4392 2292 4447 facere
2318 4392 2509 4458 voluit,

149 4485 359 4557 »plecti
397 4499 642 4550 aequum
681 4498 811 4548 esse,
847 4482 954 4536 nisi
990 4481 1134 4550 qnod
1171 4481 1379 4536 factum
1418 4480 1608 4547 voluit,
1645 4481 1814 4536 etiam
1850 4480 2088 4534 fecerit«
2121 4513 2134 4519 -
