<?xml version="1.0" encoding="UTF-8"?>
<!DOCTYPE html PUBLIC "-//W3C//DTD XHTML 1.0 Transitional//EN"
    "http://www.w3.org/TR/xhtml1/DTD/xhtml1-transitional.dtd">
<html xmlns="http://www.w3.org/1999/xhtml" xml:lang="en" lang="en">
 <head>
  <title>
</title>
<meta http-equiv="Content-Type" content="text/html;charset=utf-8" />
  <meta name='ocr-system' content='tesseract 3.04.00' />
  <meta name='ocr-capabilities' content='ocr_page ocr_carea ocr_par ocr_line ocrx_word'/>
</head>
<body>
  <div class='ocr_page' id='page_1' title='image "./quaestiojuriscr00roetgoog_0012.png"; bbox 0 0 3052 4887; ppageno 0'>
   <div class='ocr_carea' id='block_1_1' title="bbox 1640 319 1682 381">
    <p class='ocr_par' dir='ltr' id='par_1_1' title="bbox 1640 319 1682 381">
     <span class='ocr_line' id='line_1_1' title="bbox 1640 319 1682 381; baseline 0 0"><span class='ocrx_word' id='word_1_1' title='bbox 1640 319 1682 381; x_wconf 91' lang='lat'>4</span> 
     </span>
    </p>
   </div>
   <div class='ocr_carea' id='block_1_2' title="bbox 1448 409 1870 416">
    <p class='ocr_par' dir='ltr' id='par_1_2' title="bbox 1448 409 1870 416">
     <span class='ocr_line' id='line_1_2' title="bbox 1448 409 1870 416; baseline 0 4471"><span class='ocrx_word' id='word_1_2' title='bbox 1448 409 1870 416; x_wconf 95' lang='lat' dir='ltr'> </span> 
     </span>
    </p>
   </div>
   <div class='ocr_carea' id='block_1_3' title="bbox 486 509 2830 914">
    <p class='ocr_par' dir='ltr' id='par_1_3' title="bbox 486 509 2830 811">
     <span class='ocr_line' id='line_1_3' title="bbox 487 509 2828 594; baseline 0.002 -23"><span class='ocrx_word' id='word_1_3' title='bbox 487 509 557 572; x_wconf 93' lang='lat' dir='ltr'>in</span> <span class='ocrx_word' id='word_1_4' title='bbox 604 511 828 592; x_wconf 89' lang='lat' dir='ltr'>aperto</span> <span class='ocrx_word' id='word_1_5' title='bbox 875 514 989 574; x_wconf 87' lang='lat' dir='ltr'>est.</span> <span class='ocrx_word' id='word_1_6' title='bbox 1081 510 1245 574; x_wconf 75' lang='lat' dir='ltr'>Jam&#39;</span> <span class='ocrx_word' id='word_1_7' title='bbox 1278 514 1620 594; x_wconf 88' lang='lat' dir='ltr'>propterea</span> <span class='ocrx_word' id='word_1_8' title='bbox 1664 511 1956 594; x_wconf 89' lang='lat' dir='ltr'>impunia</span> <span class='ocrx_word' id='word_1_9' title='bbox 2016 534 2152 577; x_wconf 89' lang='lat' dir='ltr'>esse</span> <span class='ocrx_word' id='word_1_10' title='bbox 2210 513 2550 577; x_wconf 86' lang='lat' dir='ltr'>conamina</span> <span class='ocrx_word' id='word_1_11' title='bbox 2595 512 2828 576; x_wconf 89' lang='lat' dir='ltr'>debent</span> 
     </span>
     <span class='ocr_line' id='line_1_4' title="bbox 487 616 2830 700; baseline 0.002 -22"><span class='ocrx_word' id='word_1_12' title='bbox 487 636 689 697; x_wconf 90' lang='lat' dir='ltr'>eoque</span> <span class='ocrx_word' id='word_1_13' title='bbox 734 616 942 700; x_wconf 88' lang='lat' dir='ltr'>magis</span> <span class='ocrx_word' id='word_1_14' title='bbox 989 638 1062 679; x_wconf 90' lang='lat' dir='ltr'>ea</span> <span class='ocrx_word' id='word_1_15' title='bbox 1108 617 1478 696; x_wconf 83' lang='lat' dir='ltr'>conamina,</span> <span class='ocrx_word' id='word_1_16' title='bbox 1540 618 1605 679; x_wconf 88' lang='lat' dir='ltr'>in</span> <span class='ocrx_word' id='word_1_17' title='bbox 1669 618 1899 699; x_wconf 90' lang='lat' dir='ltr'>quibus</span> <span class='ocrx_word' id='word_1_18' title='bbox 1959 618 2028 681; x_wconf 93' lang='lat' dir='ltr'>in</span> <span class='ocrx_word' id='word_1_19' title='bbox 2084 618 2410 683; x_wconf 88' lang='lat' dir='ltr'>abstracto</span> <span class='ocrx_word' id='word_1_20' title='bbox 2460 619 2634 682; x_wconf 87' lang='lat' dir='ltr'>deest</span> <span class='ocrx_word' id='word_1_21' title='bbox 2680 618 2830 682; x_wconf 85' lang='lat' dir='ltr'>effe-</span> 
     </span>
     <span class='ocr_line' id='line_1_5' title="bbox 486 722 2781 811; baseline 0.001 -26"><span class='ocrx_word' id='word_1_22' title='bbox 486 731 627 785; x_wconf 86' lang='lat' dir='ltr'>ctus</span> <span class='ocrx_word' id='word_1_23' title='bbox 674 722 973 786; x_wconf 89' lang='lat' dir='ltr'>maleficii</span> <span class='ocrx_word' id='word_1_24' title='bbox 1019 723 1120 786; x_wconf 80' lang='lat' dir='ltr'>vel</span> <span class='ocrx_word' id='word_1_25' title='bbox 1165 745 1241 786; x_wconf 85' lang='lat' dir='ltr'>ex</span> <span class='ocrx_word' id='word_1_26' title='bbox 1288 723 1520 805; x_wconf 86' lang='lat' dir='ltr'>quibus</span> <span class='ocrx_word' id='word_1_27' title='bbox 1567 745 1647 786; x_wconf 92' lang='lat' dir='ltr'>ne</span> <span class='ocrx_word' id='word_1_28' title='bbox 1696 724 1850 787; x_wconf 88' lang='lat' dir='ltr'>oriri</span> <span class='ocrx_word' id='word_1_29' title='bbox 1898 724 2150 811; x_wconf 86' lang='lat' dir='ltr'>quidem</span> <span class='ocrx_word' id='word_1_30' title='bbox 2197 728 2415 807; x_wconf 88' lang='lat' dir='ltr'>potest</span> <span class='ocrx_word' id='word_1_31' title='bbox 2463 725 2781 788; x_wconf 85' lang='lat' dir='ltr'>damnum.</span> 
     </span>
    </p>

    <p class='ocr_par' dir='ltr' id='par_1_4' title="bbox 610 816 2830 914">
     <span class='ocr_line' id='line_1_6' title="bbox 610 816 2830 914; baseline 0.001 -23"><span class='ocrx_word' id='word_1_32' title='bbox 610 832 611 835; x_wconf 71' lang='grc'>’</span> <span class='ocrx_word' id='word_1_33' title='bbox 665 828 808 893; x_wconf 84' lang='lat' dir='ltr'>Hoc</span> <span class='ocrx_word' id='word_1_34' title='bbox 854 816 1111 910; x_wconf 85' lang='lat' dir='ltr'>quidem</span> <span class='ocrx_word' id='word_1_35' title='bbox 1158 829 1235 891; x_wconf 90' lang='lat' dir='ltr'>de</span> <span class='ocrx_word' id='word_1_36' title='bbox 1273 828 1417 911; x_wconf 87' lang='lat' dir='ltr'>jure</span> <span class='ocrx_word' id='word_1_37' title='bbox 1465 829 1928 906; x_wconf 86' lang='lat' dir='ltr'>vetustissimo,</span> <span class='ocrx_word' id='word_1_38' title='bbox 1981 852 2106 913; x_wconf 91' lang='lat' dir='ltr'>quo</span> <span class='ocrx_word' id='word_1_39' title='bbox 2138 829 2433 905; x_wconf 83' lang='lat' dir='ltr'>Romani,</span> <span class='ocrx_word' id='word_1_40' title='bbox 2484 836 2830 914; x_wconf 74' lang='lat' dir='ltr'>antequam</span> 
     </span>
    </p>
   </div>
   <div class='ocr_carea' id='block_1_4' title="bbox 485 932 2829 1020">
    <p class='ocr_par' dir='ltr' id='par_1_5' title="bbox 485 932 2829 1020">
     <span class='ocr_line' id='line_1_7' title="bbox 485 932 2829 1020; baseline 0.002 -24"><span class='ocrx_word' id='word_1_41' title='bbox 485 932 612 997; x_wconf 93' lang='lat' dir='ltr'>XII</span> <span class='ocrx_word' id='word_1_42' title='bbox 670 934 1036 998; x_wconf 85' lang='lat' dir='ltr'>tabularum</span> <span class='ocrx_word' id='word_1_43' title='bbox 1095 935 1270 1018; x_wconf 87' lang='lat' dir='ltr'>leges</span> <span class='ocrx_word' id='word_1_44' title='bbox 1330 940 1517 999; x_wconf 90' lang='lat' dir='ltr'>erant</span> <span class='ocrx_word' id='word_1_45' title='bbox 1576 936 2054 1020; x_wconf 90' lang='lat' dir='ltr'>promulgatae,</span> <span class='ocrx_word' id='word_1_46' title='bbox 2120 937 2488 1012; x_wconf 89' lang='lat' dir='ltr'>utebantur,</span> <span class='ocrx_word' id='word_1_47' title='bbox 2552 940 2652 1000; x_wconf 90' lang='lat' dir='ltr'>est</span> <span class='ocrx_word' id='word_1_48' title='bbox 2698 940 2829 1000; x_wconf 85' lang='lat' dir='ltr'>sta·</span> 
     </span>
    </p>
   </div>
   <div class='ocr_carea' id='block_1_5' title="bbox 485 1040 1843 1197">
    <p class='ocr_par' dir='ltr' id='par_1_6' title="bbox 485 1040 1843 1197">
     <span class='ocr_line' id='line_1_8' title="bbox 485 1040 813 1104; baseline 0.006 -2"><span class='ocrx_word' id='word_1_49' title='bbox 485 1040 813 1104; x_wconf 90' lang='lat' dir='ltr'>tuendum.</span> 
     </span>
     <span class='ocr_line' id='line_1_9' title="bbox 1488 1129 1843 1197; baseline -0.006 -15"><span class='ocrx_word' id='word_1_50' title='bbox 1488 1129 1715 1197; x_wconf 80' lang='lat' dir='ltr'>Gap.</span> <span class='ocrx_word' id='word_1_51' title='bbox 1772 1131 1843 1181; x_wconf 88' lang='lat'>1.</span> 
     </span>
    </p>
   </div>
   <div class='ocr_carea' id='block_1_6' title="bbox 486 1233 2839 3895">
    <p class='ocr_par' dir='ltr' id='par_1_7' title="bbox 1219 1233 2100 1547">
     <span class='ocr_line' id='line_1_10' title="bbox 1219 1233 2100 1300; baseline 0 0"><span class='ocrx_word' id='word_1_52' title='bbox 1219 1233 1266 1300; x_wconf 83' lang='lat' dir='ltr'><strong>J</strong></span> <span class='ocrx_word' id='word_1_53' title='bbox 1297 1252 1346 1298; x_wconf 91' lang='lat' dir='ltr'>u</span> <span class='ocrx_word' id='word_1_54' title='bbox 1379 1250 1413 1298; x_wconf 93' lang='lat' dir='ltr'>s</span> <span class='ocrx_word' id='word_1_55' title='bbox 1486 1233 1551 1298; x_wconf 85' lang='lat' dir='ltr'><strong>R</strong></span> <span class='ocrx_word' id='word_1_56' title='bbox 1582 1251 1623 1300; x_wconf 91' lang='lat' dir='ltr'>o</span> <span class='ocrx_word' id='word_1_57' title='bbox 1656 1253 1729 1299; x_wconf 92' lang='lat' dir='ltr'>m</span> <span class='ocrx_word' id='word_1_58' title='bbox 1760 1254 1802 1300; x_wconf 86' lang='lat' dir='ltr'>a</span> <span class='ocrx_word' id='word_1_59' title='bbox 1833 1253 1882 1300; x_wconf 91' lang='lat' dir='ltr'>n</span> <span class='ocrx_word' id='word_1_60' title='bbox 1914 1253 1963 1299; x_wconf 92' lang='lat' dir='ltr'>u</span> <span class='ocrx_word' id='word_1_61' title='bbox 1993 1254 2066 1300; x_wconf 92' lang='lat' dir='ltr'>m</span> <span class='ocrx_word' id='word_1_62' title='bbox 2083 1280 2100 1300; x_wconf 89' lang='lat'><strong>.</strong></span> 
     </span>
     <span class='ocr_line' id='line_1_11' title="bbox 1348 1355 1980 1426; baseline 0.003 -15"><span class='ocrx_word' id='word_1_63' title='bbox 1348 1356 1387 1411; x_wconf 89' lang='lat' dir='ltr'><strong>J</strong></span> <span class='ocrx_word' id='word_1_64' title='bbox 1387 1371 1458 1411; x_wconf 83' lang='lat' dir='ltr'>us</span> <span class='ocrx_word' id='word_1_65' title='bbox 1495 1355 1980 1426; x_wconf 77' lang='lat' dir='ltr'>antiquissimum.</span> 
     </span>
     <span class='ocr_line' id='line_1_12' title="bbox 1589 1466 1731 1547; baseline 0.007 -18"><span class='ocrx_word' id='word_1_66' title='bbox 1589 1466 1624 1547; x_wconf 65' lang='grc' dir='ltr'>ἓ</span> <span class='ocrx_word' id='word_1_67' title='bbox 1674 1467 1731 1530; x_wconf 92' lang='grc'>1.</span> 
     </span>
    </p>

    <p class='ocr_par' dir='ltr' id='par_1_8' title="bbox 486 1571 2836 2276">
     <span class='ocr_line' id='line_1_13' title="bbox 666 1571 2830 1656; baseline 0 -21"><span class='ocrx_word' id='word_1_68' title='bbox 666 1571 846 1646; x_wconf 80' lang='lat' dir='ltr'>Quod</span> <span class='ocrx_word' id='word_1_69' title='bbox 893 1571 969 1649; x_wconf 84' lang='lat' dir='ltr'>de</span> <span class='ocrx_word' id='word_1_70' title='bbox 1017 1572 1331 1654; x_wconf 87' lang='lat' dir='ltr'>objectiva</span> <span class='ocrx_word' id='word_1_71' title='bbox 1369 1572 1535 1655; x_wconf 89' lang='lat' dir='ltr'>juris</span> <span class='ocrx_word' id='word_1_72' title='bbox 1568 1572 1917 1636; x_wconf 89' lang='lat' dir='ltr'>criminalis</span> <span class='ocrx_word' id='word_1_73' title='bbox 1950 1572 2486 1650; x_wconf 75' lang='lat' dir='ltr'>consideratione,</span> <span class='ocrx_word' id='word_1_74' title='bbox 2538 1595 2698 1656; x_wconf 91' lang='lat' dir='ltr'>quae</span> <span class='ocrx_word' id='word_1_75' title='bbox 2728 1573 2830 1635; x_wconf 92' lang='lat' dir='ltr'>in-</span> 
     </span>
     <span class='ocr_line' id='line_1_14' title="bbox 492 1678 2832 1762; baseline 0.001 -21"><span class='ocrx_word' id='word_1_76' title='bbox 492 1679 788 1743; x_wconf 85' lang='lat' dir='ltr'>veniatur</span> <span class='ocrx_word' id='word_1_77' title='bbox 830 1679 900 1740; x_wconf 87' lang='lat' dir='ltr'>in</span> <span class='ocrx_word' id='word_1_78' title='bbox 944 1678 1151 1742; x_wconf 90' lang='lat' dir='ltr'>initiis</span> <span class='ocrx_word' id='word_1_79' title='bbox 1190 1678 1354 1761; x_wconf 88' lang='lat' dir='ltr'>juris</span> <span class='ocrx_word' id='word_1_80' title='bbox 1400 1679 1830 1762; x_wconf 88' lang='lat' dir='ltr'>cujuscunque</span> <span class='ocrx_word' id='word_1_81' title='bbox 1876 1679 2247 1755; x_wconf 88' lang='lat' dir='ltr'>criminalis,</span> <span class='ocrx_word' id='word_1_82' title='bbox 2313 1678 2607 1758; x_wconf 80' lang='lat' dir='ltr'>diximus,</span> <span class='ocrx_word' id='word_1_83' title='bbox 2655 1702 2832 1744; x_wconf 89' lang='lat' dir='ltr'>vere-</span> 
     </span>
     <span class='ocr_line' id='line_1_15' title="bbox 495 1784 2829 1867; baseline 0 -20"><span class='ocrx_word' id='word_1_84' title='bbox 495 1784 701 1849; x_wconf 89' lang='lat' dir='ltr'>simile</span> <span class='ocrx_word' id='word_1_85' title='bbox 735 1806 927 1867; x_wconf 88' lang='lat' dir='ltr'>quum</span> <span class='ocrx_word' id='word_1_86' title='bbox 959 1785 1210 1849; x_wconf 87' lang='lat' dir='ltr'>videtur</span> <span class='ocrx_word' id='word_1_87' title='bbox 1241 1787 1317 1847; x_wconf 88' lang='lat' dir='ltr'>de</span> <span class='ocrx_word' id='word_1_88' title='bbox 1342 1784 1487 1866; x_wconf 87' lang='lat' dir='ltr'>jure</span> <span class='ocrx_word' id='word_1_89' title='bbox 1520 1784 1973 1867; x_wconf 85' lang='lat' dir='ltr'>antiquissimo</span> <span class='ocrx_word' id='word_1_90' title='bbox 2004 1785 2442 1850; x_wconf 90' lang='lat' dir='ltr'>Romanorum</span> <span class='ocrx_word' id='word_1_91' title='bbox 2474 1786 2829 1866; x_wconf 90' lang='lat' dir='ltr'>dicendum,</span> 
     </span>
     <span class='ocr_line' id='line_1_16' title="bbox 486 1890 2834 1976; baseline 0.001 -22"><span class='ocrx_word' id='word_1_92' title='bbox 486 1895 625 1954; x_wconf 92' lang='lat' dir='ltr'>tum</span> <span class='ocrx_word' id='word_1_93' title='bbox 673 1892 1121 1974; x_wconf 86' lang='lat' dir='ltr'>comprobatur</span> <span class='ocrx_word' id='word_1_94' title='bbox 1166 1890 1615 1968; x_wconf 88' lang='lat' dir='ltr'>similitudine,</span> <span class='ocrx_word' id='word_1_95' title='bbox 1676 1913 1840 1974; x_wconf 89' lang='lat' dir='ltr'>quae</span> <span class='ocrx_word' id='word_1_96' title='bbox 1895 1891 1964 1955; x_wconf 92' lang='lat' dir='ltr'>in</span> <span class='ocrx_word' id='word_1_97' title='bbox 2010 1891 2231 1975; x_wconf 89' lang='lat' dir='ltr'>primis</span> <span class='ocrx_word' id='word_1_98' title='bbox 2271 1892 2434 1974; x_wconf 87' lang='lat' dir='ltr'>juris</span> <span class='ocrx_word' id='word_1_99' title='bbox 2480 1892 2834 1976; x_wconf 83' lang='lat' dir='ltr'>germanici</span> 
     </span>
     <span class='ocr_line' id='line_1_17' title="bbox 487 1997 2832 2082; baseline 0 -23"><span class='ocrx_word' id='word_1_100' title='bbox 487 1997 883 2081; x_wconf 78' lang='lat' dir='ltr'>temporibus</span> <span class='ocrx_word' id='word_1_101' title='bbox 943 1997 1270 2060; x_wconf 84' lang='lat' dir='ltr'>invenitur</span> <span class='ocrx_word' id='word_1_102' title='bbox 1329 1997 1725 2081; x_wconf 90' lang='lat' dir='ltr'>aliarumque</span> <span class='ocrx_word' id='word_1_103' title='bbox 1785 1998 2074 2082; x_wconf 89' lang='lat' dir='ltr'>gentium</span> <span class='ocrx_word' id='word_1_104' title='bbox 2130 1998 2595 2081; x_wconf 72' lang='lat' dir='ltr'>antiquissimis</span> <span class='ocrx_word' id='word_1_105' title='bbox 2642 1998 2832 2065; x_wconf 90' lang='lat' dir='ltr'>insti-</span> 
     </span>
     <span class='ocr_line' id='line_1_18' title="bbox 487 2101 2836 2189; baseline 0 -22"><span class='ocrx_word' id='word_1_106' title='bbox 487 2101 870 2167; x_wconf 83' lang='lat' dir='ltr'>tutionibus.</span> <span class='ocrx_word' id='word_1_107' title='bbox 949 2102 1086 2167; x_wconf 87' lang='lat' dir='ltr'>Nec</span> <span class='ocrx_word' id='word_1_108' title='bbox 1131 2103 1316 2167; x_wconf 89' lang='lat' dir='ltr'>nobis</span> <span class='ocrx_word' id='word_1_109' title='bbox 1366 2103 1676 2181; x_wconf 87' lang='lat' dir='ltr'>obstabit,</span> <span class='ocrx_word' id='word_1_110' title='bbox 1728 2105 1899 2186; x_wconf 89' lang='lat' dir='ltr'>quod</span> <span class='ocrx_word' id='word_1_111' title='bbox 1938 2105 2076 2187; x_wconf 89' lang='lat' dir='ltr'>jam</span> <span class='ocrx_word' id='word_1_112' title='bbox 2120 2108 2269 2187; x_wconf 88' lang='lat' dir='ltr'>post</span> <span class='ocrx_word' id='word_1_113' title='bbox 2315 2104 2590 2187; x_wconf 85' lang='lat' dir='ltr'>primam</span> <span class='ocrx_word' id='word_1_114' title='bbox 2635 2105 2836 2189; x_wconf 86' lang='lat' dir='ltr'>legis-</span> 
     </span>
     <span class='ocr_line' id='line_1_19' title="bbox 488 2209 1884 2276; baseline 0.002 -4"><span class='ocrx_word' id='word_1_115' title='bbox 488 2210 798 2274; x_wconf 89' lang='lat' dir='ltr'>lationem</span> <span class='ocrx_word' id='word_1_116' title='bbox 847 2210 975 2274; x_wconf 90' lang='lat' dir='ltr'>alia</span> <span class='ocrx_word' id='word_1_117' title='bbox 1021 2209 1348 2273; x_wconf 84' lang='lat' dir='ltr'>obversari</span> <span class='ocrx_word' id='word_1_118' title='bbox 1394 2209 1649 2274; x_wconf 84' lang='lat' dir='ltr'>videtur</span> <span class='ocrx_word' id='word_1_119' title='bbox 1696 2211 1884 2276; x_wconf 87' lang='lat' dir='ltr'>ratic.</span> 
     </span>
    </p>

    <p class='ocr_par' dir='ltr' id='par_1_9' title="bbox 486 2315 2839 3895">
     <span class='ocr_line' id='line_1_20' title="bbox 666 2315 2836 2401; baseline 0 -21"><span class='ocrx_word' id='word_1_120' title='bbox 666 2316 847 2381; x_wconf 86' lang='lat' dir='ltr'>Duae</span> <span class='ocrx_word' id='word_1_121' title='bbox 893 2317 1065 2380; x_wconf 92' lang='lat' dir='ltr'>enim</span> <span class='ocrx_word' id='word_1_122' title='bbox 1109 2317 1284 2401; x_wconf 90' lang='lat' dir='ltr'>leges</span> <span class='ocrx_word' id='word_1_123' title='bbox 1331 2315 1583 2381; x_wconf 89' lang='lat' dir='ltr'>Numae</span> <span class='ocrx_word' id='word_1_124' title='bbox 1630 2317 2026 2400; x_wconf 87' lang='lat' dir='ltr'>temporibus</span> <span class='ocrx_word' id='word_1_125' title='bbox 2073 2317 2335 2381; x_wconf 89' lang='lat' dir='ltr'>secundi</span> <span class='ocrx_word' id='word_1_126' title='bbox 2382 2339 2569 2401; x_wconf 91' lang='lat' dir='ltr'>quem</span> <span class='ocrx_word' id='word_1_127' title='bbox 2614 2316 2836 2381; x_wconf 87' lang='lat' dir='ltr'>ferunt</span> 
     </span>
     <span class='ocr_line' id='line_1_21' title="bbox 488 2409 2832 2508; baseline 0.001 -21"><span class='ocrx_word' id='word_1_128' title='bbox 488 2421 924 2502; x_wconf 86' lang='lat' dir='ltr'>Romanorum</span> <span class='ocrx_word' id='word_1_129' title='bbox 967 2423 1141 2508; x_wconf 87' lang='lat' dir='ltr'>regis</span> <span class='ocrx_word' id='word_1_130' title='bbox 1186 2423 1631 2503; x_wconf 84' lang='lat' dir='ltr'>inveniuntur,</span> <span class='ocrx_word' id='word_1_131' title='bbox 1695 2447 1968 2508; x_wconf 89' lang='lat' dir='ltr'>quarum</span> <span class='ocrx_word' id='word_1_132' title='bbox 2028 2447 2222 2488; x_wconf 89' lang='lat' dir='ltr'>unam</span> <span class='ocrx_word' id='word_1_133' title='bbox 2267 2423 2493 2489; x_wconf 88' lang='lat' dir='ltr'>Festus</span> <span class='ocrx_word' id='word_1_134' title='bbox 2549 2424 2620 2488; x_wconf 89' lang='lat' dir='ltr'>in</span> <span class='ocrx_word' id='word_1_135' title='bbox 2664 2409 2832 2489; x_wconf 83' lang='lat' dir='ltr'>libro</span> 
     </span>
     <span class='ocr_line' id='line_1_22' title="bbox 494 2530 2837 2615; baseline 0 -21"><span class='ocrx_word' id='word_1_136' title='bbox 494 2532 568 2595; x_wconf 87' lang='lat' dir='ltr'>de</span> <span class='ocrx_word' id='word_1_137' title='bbox 616 2532 952 2598; x_wconf 85' lang='lat' dir='ltr'>verborum</span> <span class='ocrx_word' id='word_1_138' title='bbox 998 2530 1473 2615; x_wconf 87' lang='lat' dir='ltr'>significatione</span> <span class='ocrx_word' id='word_1_139' title='bbox 1521 2554 1580 2595; x_wconf 83' lang='lat' dir='ltr'>v.</span> <span class='ocrx_word' id='word_1_140' title='bbox 1630 2530 1878 2595; x_wconf 87' lang='lat' dir='ltr'>Parrici</span> <span class='ocrx_word' id='word_1_141' title='bbox 1925 2536 2324 2614; x_wconf 86' lang='lat' dir='ltr'>quaestores:</span> <span class='ocrx_word' id='word_1_142' title='bbox 2387 2532 2482 2594; x_wconf 90' lang='lat' dir='ltr'>»si</span> <span class='ocrx_word' id='word_1_143' title='bbox 2528 2531 2671 2614; x_wconf 89' lang='lat' dir='ltr'>quis</span> <span class='ocrx_word' id='word_1_144' title='bbox 2716 2531 2837 2595; x_wconf 91' lang='lat' dir='ltr'>ho-</span> 
     </span>
     <span class='ocr_line' id='line_1_23' title="bbox 487 2635 2827 2721; baseline -0.002 -20"><span class='ocrx_word' id='word_1_145' title='bbox 487 2638 724 2701; x_wconf 90' lang='lat' dir='ltr'>minem</span> <span class='ocrx_word' id='word_1_146' title='bbox 788 2638 1062 2701; x_wconf 89' lang='lat' dir='ltr'>liberum</span> <span class='ocrx_word' id='word_1_147' title='bbox 1125 2638 1273 2701; x_wconf 90' lang='lat' dir='ltr'>dolo</span> <span class='ocrx_word' id='word_1_148' title='bbox 1339 2637 1544 2701; x_wconf 88' lang='lat' dir='ltr'>sciens</span> <span class='ocrx_word' id='word_1_149' title='bbox 1609 2637 1806 2701; x_wconf 89' lang='lat' dir='ltr'>morti</span> <span class='ocrx_word' id='word_1_150' title='bbox 1870 2638 2072 2715; x_wconf 86' lang='lat' dir='ltr'>dedit,</span> <span class='ocrx_word' id='word_1_151' title='bbox 2140 2638 2462 2721; x_wconf 88' lang='lat' dir='ltr'>parricida</span> <span class='ocrx_word' id='word_1_152' title='bbox 2487 2635 2547 2720; x_wconf 77' lang='lat'>¹.)</span> <span class='ocrx_word' id='word_1_153' title='bbox 2613 2642 2750 2701; x_wconf 90' lang='lat' dir='ltr'>esto</span> <span class='ocrx_word' id='word_1_154' title='bbox 2770 2662 2827 2715; x_wconf 84' lang='lat'>,«</span> 
     </span>
     <span class='ocr_line' id='line_1_24' title="bbox 491 2741 2837 2828; baseline -0 -20"><span class='ocrx_word' id='word_1_155' title='bbox 491 2744 760 2809; x_wconf 89' lang='lat' dir='ltr'>alteram</span> <span class='ocrx_word' id='word_1_156' title='bbox 804 2744 992 2808; x_wconf 92' lang='lat' dir='ltr'>nobis</span> <span class='ocrx_word' id='word_1_157' title='bbox 1038 2743 1240 2808; x_wconf 86' lang='lat' dir='ltr'>tradit</span> <span class='ocrx_word' id='word_1_158' title='bbox 1271 2741 1529 2808; x_wconf 81' lang='lat' dir='ltr'>Servius</span> <span class='ocrx_word' id='word_1_159' title='bbox 1561 2741 2104 2828; x_wconf 81' lang='lat' dir='ltr'>Scholiographus</span> <span class='ocrx_word' id='word_1_160' title='bbox 2150 2745 2221 2807; x_wconf 92' lang='lat' dir='ltr'>in</span> <span class='ocrx_word' id='word_1_161' title='bbox 2267 2744 2483 2828; x_wconf 85' lang='lat' dir='ltr'>glossa</span> <span class='ocrx_word' id='word_1_162' title='bbox 2530 2744 2613 2807; x_wconf 87' lang='lat' dir='ltr'>ad</span> <span class='ocrx_word' id='word_1_163' title='bbox 2641 2743 2837 2807; x_wconf 89' lang='lat' dir='ltr'>Eclo-</span> 
     </span>
     <span class='ocr_line' id='line_1_25' title="bbox 491 2848 2835 2937; baseline -0 -22"><span class='ocrx_word' id='word_1_164' title='bbox 491 2872 641 2935; x_wconf 93' lang='lat' dir='ltr'>gam</span> <span class='ocrx_word' id='word_1_165' title='bbox 688 2850 963 2935; x_wconf 84' lang='lat' dir='ltr'>Vergilii</span> <span class='ocrx_word' id='word_1_166' title='bbox 1007 2849 1122 2928; x_wconf 90' lang='lat' dir='ltr'>IV,</span> <span class='ocrx_word' id='word_1_167' title='bbox 1180 2873 1241 2916; x_wconf 84' lang='lat' dir='ltr'>v.</span> <span class='ocrx_word' id='word_1_168' title='bbox 1298 2850 1383 2913; x_wconf 85' lang='lat'>43</span> <span class='ocrx_word' id='word_1_169' title='bbox 1411 2848 1500 2937; x_wconf 82' lang='lat'>²):</span> <span class='ocrx_word' id='word_1_170' title='bbox 1572 2871 1776 2914; x_wconf 74' lang='lat' dir='ltr'>»sane</span> <span class='ocrx_word' id='word_1_171' title='bbox 1831 2850 1900 2913; x_wconf 90' lang='lat' dir='ltr'>in</span> <span class='ocrx_word' id='word_1_172' title='bbox 1956 2849 2203 2914; x_wconf 90' lang='lat' dir='ltr'>Numae</span> <span class='ocrx_word' id='word_1_173' title='bbox 2261 2850 2510 2934; x_wconf 88' lang='lat' dir='ltr'>legibus</span> <span class='ocrx_word' id='word_1_174' title='bbox 2575 2855 2835 2914; x_wconf 87' lang='lat' dir='ltr'>cautum</span> 
     </span>
     <span class='ocr_line' id='line_1_26' title="bbox 489 2955 2837 3041; baseline -0 -20"><span class='ocrx_word' id='word_1_175' title='bbox 489 2960 618 3037; x_wconf 87' lang='lat' dir='ltr'>est,</span> <span class='ocrx_word' id='word_1_176' title='bbox 665 2960 741 3020; x_wconf 93' lang='lat' dir='ltr'>ut</span> <span class='ocrx_word' id='word_1_177' title='bbox 772 2957 826 3021; x_wconf 91' lang='lat' dir='ltr'>si</span> <span class='ocrx_word' id='word_1_178' title='bbox 859 2957 1000 3039; x_wconf 91' lang='lat' dir='ltr'>quis</span> <span class='ocrx_word' id='word_1_179' title='bbox 1032 2955 1403 3041; x_wconf 88' lang='lat' dir='ltr'>imprudens</span> <span class='ocrx_word' id='word_1_180' title='bbox 1437 2955 1775 3020; x_wconf 89' lang='lat' dir='ltr'>occidisset</span> <span class='ocrx_word' id='word_1_181' title='bbox 1805 2956 2161 3035; x_wconf 90' lang='lat' dir='ltr'>hominem,</span> <span class='ocrx_word' id='word_1_182' title='bbox 2211 2978 2329 3040; x_wconf 90' lang='lat' dir='ltr'>pro</span> <span class='ocrx_word' id='word_1_183' title='bbox 2379 2958 2590 3040; x_wconf 89' lang='lat' dir='ltr'>capite</span> <span class='ocrx_word' id='word_1_184' title='bbox 2637 2957 2837 3021; x_wconf 85' lang='lat' dir='ltr'>occisi</span> 
     </span>
     <span class='ocr_line' id='line_1_27' title="bbox 486 3061 2823 3147; baseline 0 -20"><span class='ocrx_word' id='word_1_185' title='bbox 486 3067 555 3138; x_wconf 63' lang='lat' dir='ltr'>¹et</span> <span class='ocrx_word' id='word_1_186' title='bbox 613 3064 785 3128; x_wconf 88' lang='lat' dir='ltr'>natis</span> <span class='ocrx_word' id='word_1_187' title='bbox 845 3064 981 3147; x_wconf 89' lang='lat' dir='ltr'>ejus</span> <span class='ocrx_word' id='word_1_188' title='bbox 1027 3064 1098 3127; x_wconf 89' lang='lat' dir='ltr'>in</span> <span class='ocrx_word' id='word_1_189' title='bbox 1144 3062 1442 3138; x_wconf 84' lang='lat' dir='ltr'>cautione</span> <span class='ocrx_word' id='word_1_190' title='bbox 1490 3063 1751 3127; x_wconf 86' lang='lat' dir='ltr'>offerret</span> <span class='ocrx_word' id='word_1_191' title='bbox 1798 3064 2125 3127; x_wconf 71' lang='lat' dir='ltr'>arietem«</span> <span class='ocrx_word' id='word_1_192' title='bbox 2223 3061 2291 3127; x_wconf 81' lang='lat' dir='ltr'>si</span> <span class='ocrx_word' id='word_1_193' title='bbox 2336 3086 2553 3127; x_wconf 83' lang='lat' dir='ltr'>verum</span> <span class='ocrx_word' id='word_1_194' title='bbox 2601 3068 2700 3127; x_wconf 92' lang='lat' dir='ltr'>est</span> <span class='ocrx_word' id='word_1_195' title='bbox 2752 3101 2823 3109; x_wconf 92' lang='lat'>-—</span> 
     </span>
     <span class='ocr_line' id='line_1_28' title="bbox 489 3169 2839 3254; baseline 0 -20"><span class='ocrx_word' id='word_1_196' title='bbox 489 3173 554 3234; x_wconf 92' lang='lat' dir='ltr'>et</span> <span class='ocrx_word' id='word_1_197' title='bbox 585 3170 792 3235; x_wconf 88' lang='lat' dir='ltr'>adhuc</span> <span class='ocrx_word' id='word_1_198' title='bbox 823 3171 941 3235; x_wconf 89' lang='lat' dir='ltr'>sub</span> <span class='ocrx_word' id='word_1_199' title='bbox 979 3170 1198 3254; x_wconf 90' lang='lat' dir='ltr'>judice</span> <span class='ocrx_word' id='word_1_200' title='bbox 1229 3170 1308 3233; x_wconf 89' lang='lat' dir='ltr'>lis</span> <span class='ocrx_word' id='word_1_201' title='bbox 1341 3173 1439 3234; x_wconf 91' lang='lat' dir='ltr'>est</span> <span class='ocrx_word' id='word_1_202' title='bbox 1483 3207 1573 3215; x_wconf 83' lang='lat'>-—</span> <span class='ocrx_word' id='word_1_203' title='bbox 1620 3170 1700 3233; x_wconf 89' lang='lat' dir='ltr'>ad</span> <span class='ocrx_word' id='word_1_204' title='bbox 1733 3169 2002 3254; x_wconf 89' lang='lat' dir='ltr'>originis</span> <span class='ocrx_word' id='word_1_205' title='bbox 2033 3169 2210 3233; x_wconf 90' lang='lat' dir='ltr'>urbis</span> <span class='ocrx_word' id='word_1_206' title='bbox 2242 3173 2532 3253; x_wconf 90' lang='lat' dir='ltr'>tempora</span> <span class='ocrx_word' id='word_1_207' title='bbox 2562 3170 2839 3254; x_wconf 89' lang='lat' dir='ltr'>ideoque</span> 
     </span>
     <span class='ocr_line' id='line_1_29' title="bbox 490 3275 2833 3361; baseline 0 -20"><span class='ocrx_word' id='word_1_208' title='bbox 490 3278 571 3341; x_wconf 87' lang='lat' dir='ltr'>ad</span> <span class='ocrx_word' id='word_1_209' title='bbox 617 3276 1132 3361; x_wconf 83' lang='lat' dir='ltr'>antiquissimum</span> <span class='ocrx_word' id='word_1_210' title='bbox 1178 3298 1402 3341; x_wconf 86' lang='lat' dir='ltr'>aevum</span> <span class='ocrx_word' id='word_1_211' title='bbox 1444 3280 1732 3360; x_wconf 87' lang='lat' dir='ltr'>spectare</span> <span class='ocrx_word' id='word_1_212' title='bbox 1764 3275 2012 3340; x_wconf 90' lang='lat' dir='ltr'>Numae</span> <span class='ocrx_word' id='word_1_213' title='bbox 2051 3298 2349 3361; x_wconf 86' lang='lat' dir='ltr'>regnum,</span> <span class='ocrx_word' id='word_1_214' title='bbox 2397 3276 2623 3340; x_wconf 85' lang='lat' dir='ltr'>deinde</span> <span class='ocrx_word' id='word_1_215' title='bbox 2655 3277 2833 3361; x_wconf 88' lang='lat' dir='ltr'>leges</span> 
     </span>
     <span class='ocr_line' id='line_1_30' title="bbox 490 3382 2838 3467; baseline 0 -21"><span class='ocrx_word' id='word_1_216' title='bbox 490 3383 634 3447; x_wconf 90' lang='lat' dir='ltr'>illas</span> <span class='ocrx_word' id='word_1_217' title='bbox 682 3384 762 3448; x_wconf 92' lang='lat' dir='ltr'>ab</span> <span class='ocrx_word' id='word_1_218' title='bbox 811 3384 1033 3449; x_wconf 91' lang='lat' dir='ltr'>eodem</span> <span class='ocrx_word' id='word_1_219' title='bbox 1078 3384 1243 3448; x_wconf 88' lang='lat' dir='ltr'>latas</span> <span class='ocrx_word' id='word_1_220' title='bbox 1292 3406 1457 3461; x_wconf 88' lang='lat' dir='ltr'>esse;</span> <span class='ocrx_word' id='word_1_221' title='bbox 1507 3406 1584 3447; x_wconf 86' lang='lat' dir='ltr'>ex</span> <span class='ocrx_word' id='word_1_222' title='bbox 1628 3383 1757 3446; x_wconf 91' lang='lat' dir='ltr'>illis</span> <span class='ocrx_word' id='word_1_223' title='bbox 1804 3383 2108 3447; x_wconf 88' lang='lat' dir='ltr'>nimirum</span> <span class='ocrx_word' id='word_1_224' title='bbox 2152 3383 2311 3446; x_wconf 92' lang='lat' dir='ltr'>locis</span> <span class='ocrx_word' id='word_1_225' title='bbox 2342 3382 2512 3447; x_wconf 93' lang='lat' dir='ltr'>illico</span> <span class='ocrx_word' id='word_1_226' title='bbox 2546 3388 2838 3467; x_wconf 91' lang='lat' dir='ltr'>apparet,</span> 
     </span>
     <span class='ocr_line' id='line_1_31' title="bbox 493 3489 2832 3574; baseline 0 -20"><span class='ocrx_word' id='word_1_227' title='bbox 493 3490 726 3574; x_wconf 90' lang='lat' dir='ltr'>partim</span> <span class='ocrx_word' id='word_1_228' title='bbox 765 3491 901 3573; x_wconf 89' lang='lat' dir='ltr'>jam</span> <span class='ocrx_word' id='word_1_229' title='bbox 947 3513 985 3555; x_wconf 89' lang='lat' dir='ltr'>a</span> <span class='ocrx_word' id='word_1_230' title='bbox 1015 3489 1248 3568; x_wconf 90' lang='lat' dir='ltr'>Numa,</span> <span class='ocrx_word' id='word_1_231' title='bbox 1296 3512 1452 3554; x_wconf 92' lang='lat' dir='ltr'>num</span> <span class='ocrx_word' id='word_1_232' title='bbox 1498 3489 1645 3554; x_wconf 92' lang='lat' dir='ltr'>dolo</span> <span class='ocrx_word' id='word_1_233' title='bbox 1677 3489 1778 3553; x_wconf 86' lang='lat' dir='ltr'>vel</span> <span class='ocrx_word' id='word_1_234' title='bbox 1824 3490 2017 3571; x_wconf 90' lang='lat' dir='ltr'>culpa</span> <span class='ocrx_word' id='word_1_235' title='bbox 2062 3493 2321 3554; x_wconf 89' lang='lat' dir='ltr'>tantum</span> <span class='ocrx_word' id='word_1_236' title='bbox 2349 3489 2768 3554; x_wconf 88' lang='lat' dir='ltr'>homicidium</span> <span class='ocrx_word' id='word_1_237' title='bbox 2781 3489 2832 3573; x_wconf 84' lang='lat'>¹)</span> 
     </span>
     <span class='ocr_line' id='line_1_32' title="bbox 489 3595 2836 3681; baseline 0 -21"><span class='ocrx_word' id='word_1_238' title='bbox 489 3597 632 3680; x_wconf 90' lang='lat' dir='ltr'>quis</span> <span class='ocrx_word' id='word_1_239' title='bbox 677 3597 1026 3676; x_wconf 89' lang='lat' dir='ltr'>admiserit,</span> <span class='ocrx_word' id='word_1_240' title='bbox 1077 3597 1498 3661; x_wconf 91' lang='lat' dir='ltr'>constitutam</span> <span class='ocrx_word' id='word_1_241' title='bbox 1545 3619 1682 3661; x_wconf 93' lang='lat' dir='ltr'>esse</span> <span class='ocrx_word' id='word_1_242' title='bbox 1714 3595 2219 3674; x_wconf 86' lang='lat' dir='ltr'>distinctionem,</span> <span class='ocrx_word' id='word_1_243' title='bbox 2269 3596 2506 3680; x_wconf 90' lang='lat' dir='ltr'>quippe</span> <span class='ocrx_word' id='word_1_244' title='bbox 2539 3597 2650 3679; x_wconf 90' lang='lat' dir='ltr'>qui</span> <span class='ocrx_word' id='word_1_245' title='bbox 2680 3618 2836 3681; x_wconf 91' lang='lat' dir='ltr'>gra-</span> 
     </span>
     <span class='ocr_line' id='line_1_33' title="bbox 486 3702 2835 3788; baseline 0 -21"><span class='ocrx_word' id='word_1_246' title='bbox 486 3703 727 3768; x_wconf 84' lang='lat' dir='ltr'>viorem</span> <span class='ocrx_word' id='word_1_247' title='bbox 800 3704 898 3767; x_wconf 91' lang='lat' dir='ltr'>illi</span> <span class='ocrx_word' id='word_1_248' title='bbox 975 3704 1151 3769; x_wconf 88' lang='lat' dir='ltr'>casui</span> <span class='ocrx_word' id='word_1_249' title='bbox 1212 3703 1591 3788; x_wconf 89' lang='lat' dir='ltr'>imposuerit</span> <span class='ocrx_word' id='word_1_250' title='bbox 1665 3724 1942 3786; x_wconf 90' lang='lat' dir='ltr'>poenam</span> <span class='ocrx_word' id='word_1_251' title='bbox 2011 3702 2401 3786; x_wconf 89' lang='lat' dir='ltr'>eandemque</span> <span class='ocrx_word' id='word_1_252' title='bbox 2470 3703 2835 3785; x_wconf 89' lang='lat' dir='ltr'>publicam;</span> 
     </span>
     <span class='ocr_line' id='line_1_34' title="bbox 488 3810 2836 3895; baseline -0 -20"><span class='ocrx_word' id='word_1_253' title='bbox 488 3811 727 3895; x_wconf 89' lang='lat' dir='ltr'>partim</span> <span class='ocrx_word' id='word_1_254' title='bbox 772 3815 989 3877; x_wconf 89' lang='lat' dir='ltr'>tamen</span> <span class='ocrx_word' id='word_1_255' title='bbox 1036 3811 1452 3876; x_wconf 88' lang='lat' dir='ltr'>manifestum</span> <span class='ocrx_word' id='word_1_256' title='bbox 1500 3814 1617 3888; x_wconf 90' lang='lat' dir='ltr'>est,</span> <span class='ocrx_word' id='word_1_257' title='bbox 1667 3810 1735 3873; x_wconf 91' lang='lat' dir='ltr'>in</span> <span class='ocrx_word' id='word_1_258' title='bbox 1767 3832 1981 3873; x_wconf 81' lang='lat' dir='ltr'>veram</span> <span class='ocrx_word' id='word_1_259' title='bbox 2027 3831 2101 3873; x_wconf 89' lang='lat' dir='ltr'>ac</span> <span class='ocrx_word' id='word_1_260' title='bbox 2147 3813 2652 3874; x_wconf 90' lang='lat' dir='ltr'>consummatam</span> <span class='ocrx_word' id='word_1_261' title='bbox 2691 3810 2836 3874; x_wconf 83' lang='lat' dir='ltr'>vio-</span> 
     </span>
    </p>
   </div>
   <div class='ocr_carea' id='block_1_7' title="bbox 491 3937 917 3945">
    <p class='ocr_par' dir='ltr' id='par_1_10' title="bbox 491 3937 917 3945">
     <span class='ocr_line' id='line_1_35' title="bbox 491 3937 917 3945; baseline 0 0"><span class='ocrx_word' id='word_1_262' title='bbox 491 3937 917 3945; x_wconf 95' lang='lat' dir='ltr'> </span> 
     </span>
    </p>
   </div>
   <div class='ocr_carea' id='block_1_8' title="bbox 485 4003 2838 4240">
    <p class='ocr_par' dir='ltr' id='par_1_11' title="bbox 485 4003 2838 4240">
     <span class='ocr_line' id='line_1_36' title="bbox 669 4003 2838 4076; baseline 0 -17"><span class='ocrx_word' id='word_1_263' title='bbox 669 4005 710 4075; x_wconf 86' lang='lat' dir='ltr'>l)</span> <span class='ocrx_word' id='word_1_264' title='bbox 745 4006 810 4061; x_wconf 91' lang='lat' dir='ltr'>In</span> <span class='ocrx_word' id='word_1_265' title='bbox 846 4008 1033 4062; x_wconf 87' lang='lat' dir='ltr'>eodem</span> <span class='ocrx_word' id='word_1_266' title='bbox 1069 4023 1234 4076; x_wconf 89' lang='lat' dir='ltr'>quem</span> <span class='ocrx_word' id='word_1_267' title='bbox 1269 4005 1559 4060; x_wconf 86' lang='lat' dir='ltr'>retulimus</span> <span class='ocrx_word' id='word_1_268' title='bbox 1572 4047 1585 4071; x_wconf 94' lang='lat'>,</span> <span class='ocrx_word' id='word_1_269' title='bbox 1623 4004 1767 4059; x_wconf 88' lang='lat' dir='ltr'>libro</span> <span class='ocrx_word' id='word_1_270' title='bbox 1812 4003 2077 4074; x_wconf 87' lang='lat' dir='ltr'>scriptum</span> <span class='ocrx_word' id='word_1_271' title='bbox 2115 4003 2455 4060; x_wconf 82' lang='lat' dir='ltr'>invenimus:</span> <span class='ocrx_word' id='word_1_272' title='bbox 2512 4026 2537 4052; x_wconf 82' lang='lat'><strong>»</strong></span> <span class='ocrx_word' id='word_1_273' title='bbox 2552 4004 2838 4075; x_wconf 86' lang='lat' dir='ltr'>parricida</span> 
     </span>
     <span class='ocr_line' id='line_1_37' title="bbox 485 4093 2836 4166; baseline -0 -15"><span class='ocrx_word' id='word_1_274' title='bbox 485 4114 596 4152; x_wconf 91' lang='lat' dir='ltr'>non</span> <span class='ocrx_word' id='word_1_275' title='bbox 630 4096 822 4166; x_wconf 89' lang='lat' dir='ltr'>utique</span> <span class='ocrx_word' id='word_1_276' title='bbox 857 4096 904 4151; x_wconf 86' lang='lat' dir='ltr'>is</span> <span class='ocrx_word' id='word_1_277' title='bbox 921 4139 934 4164; x_wconf 90' lang='lat'>‚</span> <span class='ocrx_word' id='word_1_278' title='bbox 971 4097 1068 4166; x_wconf 90' lang='lat' dir='ltr'>qui</span> <span class='ocrx_word' id='word_1_279' title='bbox 1101 4096 1387 4166; x_wconf 85' lang='lat' dir='ltr'>parentem</span> <span class='ocrx_word' id='word_1_280' title='bbox 1423 4094 1734 4159; x_wconf 81' lang='lat' dir='ltr'>occidisset,</span> <span class='ocrx_word' id='word_1_281' title='bbox 1772 4093 2079 4163; x_wconf 86' lang='lat' dir='ltr'>dicebatur,</span> <span class='ocrx_word' id='word_1_282' title='bbox 2126 4094 2219 4149; x_wconf 86' lang='lat' dir='ltr'>sed</span> <span class='ocrx_word' id='word_1_283' title='bbox 2263 4095 2698 4164; x_wconf 84' lang='lat' dir='ltr'>qualemcunque</span> <span class='ocrx_word' id='word_1_284' title='bbox 2732 4096 2836 4150; x_wconf 87' lang='lat' dir='ltr'>ho·</span> 
     </span>
     <span class='ocr_line' id='line_1_38' title="bbox 486 4202 740 4240; baseline 0.004 -1"><span class='ocrx_word' id='word_1_285' title='bbox 486 4202 740 4240; x_wconf 71' lang='lat' dir='ltr'>minem«</span> 
     </span>
    </p>
   </div>
   <div class='ocr_carea' id='block_1_9' title="bbox 485 4272 2837 4433">
    <p class='ocr_par' dir='ltr' id='par_1_12' title="bbox 485 4272 2837 4433">
     <span class='ocr_line' id='line_1_39' title="bbox 665 4272 2837 4346; baseline 0.001 -19"><span class='ocrx_word' id='word_1_286' title='bbox 665 4274 708 4343; x_wconf 69' lang='grc'>2)</span> <span class='ocrx_word' id='word_1_287' title='bbox 743 4274 894 4331; x_wconf 88' lang='lat' dir='ltr'>Idem</span> <span class='ocrx_word' id='word_1_288' title='bbox 931 4276 1002 4330; x_wconf 89' lang='lat' dir='ltr'>ad</span> <span class='ocrx_word' id='word_1_289' title='bbox 1038 4274 1237 4346; x_wconf 80' lang='lat' dir='ltr'>virgil.</span> <span class='ocrx_word' id='word_1_290' title='bbox 1276 4272 1468 4345; x_wconf 80' lang='lat' dir='ltr'>Georg.</span> <span class='ocrx_word' id='word_1_291' title='bbox 1507 4272 1604 4327; x_wconf 91' lang='grc' dir='ltr'>ΠΙ.</span> <span class='ocrx_word' id='word_1_292' title='bbox 1641 4292 1691 4329; x_wconf 83' lang='lat' dir='ltr'>v.</span> <span class='ocrx_word' id='word_1_293' title='bbox 1730 4273 1850 4329; x_wconf 84' lang='lat'><strong>387.</strong></span> <span class='ocrx_word' id='word_1_294' title='bbox 1891 4273 1958 4327; x_wconf 84' lang='lat' dir='ltr'>cf.</span> <span class='ocrx_word' id='word_1_295' title='bbox 1998 4273 2167 4328; x_wconf 84' lang='lat' dir='ltr'>etiam</span> <span class='ocrx_word' id='word_1_296' title='bbox 2204 4273 2419 4344; x_wconf 83' lang='lat' dir='ltr'>Abegg,</span> <span class='ocrx_word' id='word_1_297' title='bbox 2456 4274 2523 4329; x_wconf 87' lang='lat' dir='ltr'>de</span> <span class='ocrx_word' id='word_1_298' title='bbox 2560 4273 2837 4345; x_wconf 76' lang='lat' dir='ltr'>antiquis·</span> 
     </span>
     <span class='ocr_line' id='line_1_40' title="bbox 485 4362 1712 4433; baseline -0.001 -15"><span class='ocrx_word' id='word_1_299' title='bbox 485 4365 625 4420; x_wconf 84' lang='lat' dir='ltr'>simo</span> <span class='ocrx_word' id='word_1_300' title='bbox 661 4365 1028 4421; x_wconf 78' lang='lat' dir='ltr'>Romanorum</span> <span class='ocrx_word' id='word_1_301' title='bbox 1058 4364 1184 4433; x_wconf 83' lang='lat' dir='ltr'>jure</span> <span class='ocrx_word' id='word_1_302' title='bbox 1222 4362 1498 4418; x_wconf 82' lang='lat' dir='ltr'>criminali</span> <span class='ocrx_word' id='word_1_303' title='bbox 1534 4381 1588 4432; x_wconf 90' lang='lat' dir='ltr'>p.</span> <span class='ocrx_word' id='word_1_304' title='bbox 1627 4364 1712 4417; x_wconf 84' lang='lat'>47.</span> 
     </span>
    </p>
   </div>
  </div>
 </body>
</html>
