3052 4887
1314 318 1473 413 41'

185 546 436 621 verunt,
486 541 686 606 veluti
716 540 928 620 Klein,
979 542 1095 627 qui·
1135 565 1279 606 cum
1325 542 1730 606 Tittmannio
1760 541 2072 618 faciebat3
2120 546 2338 606 tamen
2383 563 2525 605 cum

183 649 531 714 Zachariae
607 648 905 731 aliisque,
982 656 1284 714 conatum
1354 648 1693 712 inutilibus
1769 647 2128 712 rationibus
2200 651 2526 712 tentatum

183 736 510 839 impunem
567 777 733 832 esse,
793 754 1127 819 dicendum
1174 760 1305 832 est,
1364 778 1436 819 ac
1476 744 1729 837 'rejecta
1789 753 2044 838 quidem
2102 754 2348 818 lubrica
2407 766 2526 818 nec

185 863 346 928 satis
378 863 634 926 firmata
667 884 741 925 ea
774 860 1210 940 distinctione,
1252 878 1442 945 quam
1476 861 1669 945 vulgo
1702 865 2001 951 statuunt
2031 861 2202 925 inter
2234 861 2528 926 absolute

187 973 255 1034 et
303 969 568 1033 relative
613 967 878 1031 inutiles
925 969 1244 1045 rationes,
1303 968 1695 1033 sententiam
1742 967 2140 1053 paragraphi
2186 969 2313 1032 866
2360 967 2423 1031 h.
2471 971 2523 1032 t.

182 1079 452 1160 propter
483 1074 896 1158 singularem,
936 1097 1131 1159 quam
1161 1098 1356 1159 supra
1378 1075 1515 1160 jam
1547 1074 2196 1153 commemoravimus»,
2228 1077 2527 1138 naturam

181 1182 309 1247 hoc
357 1204 505 1246 casu
550 1181 704 1245 licet
751 1185 1057 1246 coartare.
1075 1177 1123 1263 1)

360 1288 464 1352 Ita
537 1287 885 1352 secundum
954 1287 1056 1370 jus
1129 1287 1521 1351 territoriale
1553 1307 1574 1313 fi
1596 1287 2003 1352 Borussicum
2079 1286 2382 1350 similiter
2451 1308 2525 1351 ac

100 1478 105 1485 ἱ
183 1393 625 1459 sanctionibus
671 1392 741 1456 in
765 1393 907 1477 jure
954 1393 1243 1458 Romano
1280 1394 1536 1477 scriptis
1584 1416 1715 1458 non
1748 1397 1845 1458 est
1891 1392 2526 1458 animadvertendum

182 1501 253 1565 in
287 1500 527 1565 crimen
558 1499 898 1563 inutilibus
930 1499 1378 1567 instrumentis
1411 1503 1794 1583 susceptum,
1829 1504 2097 1582 excepto
2130 1521 2258 1563 uno
2292 1503 2527 1565 conatu

180 1606 494 1671 veneficii.

1163 1799 1271 1854 Jus
1307 1813 1534 1855 novum.

1259 1909 1299 1987 ξ
1354 1908 1450 1972 10.

363 2031 660 2115 Projecta
729 2031 874 2108 illa,
945 2031 1176 2114 quibus
1247 2054 1324 2096 ex
1391 2053 1562 2095 anno
1636 2030 1825 2114 hujus
1884 2031 2117 2096 saeculi
2187 2031 2523 2116 trigesimo
2579 2106 2582 2111 ,

181 2137 656 2235 legislationem
704 2137 1102 2201 Borussicam
1154 2158 1561 2222 progressam
1607 2159 1741 2200 esse
1788 2137 2211 2221 significatur,
2262 2137 2524 2221 quibus-

184 2267 310 2330 que
357 2244 555 2309 codex
601 2244 754 2306 anni
799 2242 1174 2308 MDOOOLI
1220 2246 1640 2326 praeparatus
1688 2246 1813 2320 est,
1863 2244 1939 2306 de
1986 2243 2104 2307 hac
2149 2242 2523 2327 quaestione

183 2351 434 2416 diverse
466 2351 855 2433 disceptant:
905 2349 1264 2432 projectum
1295 2348 1472 2427 illud,
1524 2349 1696 2432 quod
1742 2371 1819 2413 ex
1859 2349 2301 2413 commissione
2335 2372 2525 2432 quam

184 2459 410 2523 dicunt
457 2458 537 2521 ad
583 2457 758 2541 leges
812 2457 1186 2521 revidendas
1233 2456 1478 2539 prodiit
1539 2478 1709 2519 anno
1755 2455 2289 2521 MDOCOXXVII
2333 2457 2368 2538 ἓ
2419 2457 2521 2535 77,

184 2563 548 2650 propositio
597 2562 1068 2651 ,MDOOCXXX
1123 2566 1162 2642 ἓ
1219 2565 1337 2640 48,
1400 2561 1686 2626 XXXIII
1738 2562 1774 2645 ἓ
1832 2564 1947 2641 46,
2006 2561 2284 2627 XXXVI
2328 2564 2367 2641 ξ
2416 2565 2520 2628 50.

180 2670 634 2754 Propositione
692 2669 844 2732 anni
902 2668 1117 2732 XLIII
1173 2673 1472 2732 conatum
1530 2690 1665 2732 esse
1722 2669 1983 2732 initium
2044 2670 2527 2735 consummandi

183 2776 504 2853 criminis,
566 2798 692 2859 quo
759 2774 986 2839 tendat
1042 2775 1339 2840 voluntas
1361 2824 1375 2852 ,
1447 2775 1730 2860 intelligi
1778 2775 2066 2857 jubetur,
2137 2775 2248 2839 sed
2305 2779 2525 2839 tamen

181 2904 478 2967 expresse
509 2882 812 2961 sancitur,
861 2904 941 2945 ne
973 2882 1434 2966 disjungamuS‚
1483 2886 1703 2945 utrum
1734 2904 1925 2946 causa
1974 2885 2039 2945 et
2084 2904 2282 2945 nexus
2314 2903 2525 2945 rerum

182 2989 545 3072 objectivus
593 3010 677 3051 an
724 2988 1113 3071 subjectivus
1159 2988 1276 3065 sit,
1339 2988 1410 3051 in
1457 2987 2039 3052 animadvertendis
2086 2988 2525 3052 conaminibus

179 3098 219 3179 ἓ
268 3092 434 3177 57²).
490 3130 569 3139 -—
618 3094 864 3159 Deinde
924 3095 991 3157 in
1053 3095 1340 3178 projecto
1402 3094 1558 3158 anni
1616 3094 1793 3158 XLV
1854 3094 2086 3159 omissa
2130 3095 2245 3158 illa
2291 3093 2524 3177 prioris
2579 3152 2583 3157 .

178 3200 609 3287 paragrapho,
643 3201 833 3264 modo
865 3201 1032 3265 tales
1061 3201 1477 3285 requiruntur
1509 3200 1815 3278 actioneS,
1859 3200 2089 3284 quibus
2122 3200 2527 3264 contineatur
2585 3246 2590 3252 ·
2649 3287 2668 3298 ,

176 3307 444 3372 initium
489 3307 1077 3372 consummationis
1171 3306 1540 3390 Propositio
1598 3308 1753 3371 anni
1806 3306 2018 3371 XLVI
2075 3306 2269 3371 etiam
2318 3307 2527 3391 magis

178 3416 252 3479 in
298 3414 666 3477 universum
695 3412 1001 3497 loquitur,
1049 3417 1461 3498 quapropter,
1511 3435 1708 3497 quom
1738 3416 2130 3478 tractaretur
2178 3413 2348 3498 apud
2396 3435 2523 3491 eos,

363 3657 400 3727 ¹)
440 3661 510 3714 cf.
547 3659 728 3715 Neues
774 3659 979 3715 Archiv
1015 3660 1080 3714 X.
1128 3679 1182 3731 p.
1223 3660 1344 3716 552.
1382 3660 1648 3716 Mitterm.
1709 3660 1893 3715 Etiam
1934 3655 2027 3731 jus
2073 3660 2417 3715 Borussicum
2466 3661 2524 3715 in

174 3748 440 3806 veneficio
464 3748 820 3803 innocuorum
845 3747 1363 3804 medicamentorum
1390 3767 1548 3803 usum
1574 3766 1751 3820 poena
1775 3748 1974 3814 afficit3
2019 3748 2184 3803 »Sind
2207 3748 2526 3804 Jemandem

175 3836 572 3894 unschadliche
609 3836 821 3892 Sachen
871 3837 973 3890 mit
1020 3837 1114 3891 der
1151 3836 1382 3891 Absicht
1429 3856 1496 3891 zu
1543 3839 1737 3893 t6dten
1788 3838 2149 3910 beigebracht
2186 3839 2431 3893 worden:
2469 3855 2527 3892 so

176 3926 283 3983 soll
333 3926 435 3980 auf
474 3926 595 3980 cine
641 3925 819 3980 sechs-
863 3924 949 3980 bis
996 3925 1373 3997 zehnjahrige
1390 3926 1728 3983 Zuchthaus-
1782 3928 1910 3982 oder
1957 3926 2394 3997 Festungsstrafe
2443 3944 2523 3982 er-

179 4017 361 4071 kannt
397 4015 660 4070 werden«

360 4101 404 4171 ²)
441 4104 513 4157 ad
548 4103 780 4157 eandem
820 4101 889 4157 cf.
928 4102 1125 4174 Abegg
1162 4101 1436 4158 Kritische
1472 4104 1919 4176 Betrachtungen
1963 4105 2099 4159 fiber
2133 4106 2239 4159 den
2275 4104 2534 4161 Entwurf

177 4195 276 4248 des
322 4191 864 4261 Strafgesetzbuches
923 4191 1013 4245 fiir
1067 4191 1156 4246 die
1190 4192 1567 4261 preussischen
1615 4192 1845 4247 Staaten
1900 4209 2023 4246 vom
2069 4193 2236 4247 Jahre
2284 4193 2421 4247 1843
2471 4213 2525 4264 p.

182 4284 283 4336 155
324 4280 393 4335 cf.
434 4279 835 4334 Goltdammer:
874 4278 1224 4334 Materialien
1260 4279 1348 4334 fiir
1374 4297 1578 4350 preuss.
1618 4281 2008 4353 Strafgesetzb.
2045 4281 2088 4337 Ι.
2114 4298 2207 4350 pg.
2246 4280 2527 4334 246-252

179 4379 237 4425 et
273 4389 367 4441 pg.
405 4369 528 4423 272.
