3052 4887
1587 453 1624 457 η
1643 361 1728 424 38

516 578 680 640 quae
728 577 883 618 sane
943 576 1066 617 vox
1121 576 1236 638 per
1282 576 1346 615 se
1405 553 1684 639 intelligi
1733 555 2228 639 comprendique
2274 558 2540 639 potest„
2583 557 2728 619 dum
2782 557 2848 621 in

517 661 839 726 contrario
887 682 962 724 ea
1007 681 1259 744 quoque
1306 660 1497 741 facta,
1550 684 1712 745 quae
1761 661 1840 724 ad
1889 662 2456 726 consummandum
2503 685 2633 726 non
2674 662 2849 726 utilia

515 773 686 846 sunt,
733 770 1005 851 possunt
1036 766 1351 850 appellari
1395 767 1793 850 apparentia.
1888 766 2127 831 Annon
2158 767 2393 844 forsan,
2447 791 2638 851 quom
2669 789 2848 832 vene-

515 897 671 939 num
728 874 871 957 quis
930 895 1069 936 cum
1119 872 1245 936 alia
1302 873 1669 937 substantia
1723 875 2185 957 permutaverit
2245 878 2310 938 et
2356 874 2546 939 alteri
2594 874 2847 950 dederit,

517 1003 591 1044 ea
648 1001 749 1044 res
805 978 1200 1041 voluntatem
1270 980 1542 1043 necandi
1608 980 1767 1043 satis
1830 979 2204 1045 manifestat
2276 1001 2350 1044 ac
2414 981 2852 1044 demonstrat?

515 1086 731 1150 Verba
762 1084 985 1171 igitur,
1036 1107 1199 1168 quae
1249 1086 1548 1168 apposita
1580 1089 1751 1161 sunt,
1801 1085 1972 1148 haud
2006 1082 2193 1151 dubie
2227 1108 2458 1149 novam
2490 1086 2849 1170 exprimunt

515 1193 879 1269 notionem,
931 1214 1094 1274 quae
1140 1213 1272 1256 non
1319 1191 1385 1253 in
1435 1214 1589 1255 voce
1642 1191 2070 1256 »scheinlich«
2123 1191 2296 1256 inest
2347 1230 2425 1237 —
2484 1192 2662 1276 Ergo
2714 1213 2851 1255 sen-

516 1299 754 1377 tentia,
812 1320 975 1381 quae
1031 1297 1097 1360 in
1161 1319 1199 1360 a
1255 1298 1379 1361 178
1443 1301 1568 1374 est,
1635 1297 1767 1361 fere
1825 1297 2085 1362 haecce:
2151 1298 2433 1373 Quodvis
2494 1300 2850 1380 susceptum

515 1401 583 1488 (i.
634 1426 684 1467 e.
742 1402 1354 1484 »unterstandene«)
1416 1402 1650 1467 crimen
1709 1404 1984 1487 capitale
2052 1403 2498 1484 (»missethat«
2517 1401 2567 1485 ¹)
2629 1425 2849 1486 poena,

515 1532 677 1596 quae
722 1509 790 1572 in
839 1509 1176 1573 arbitrium
1200 1507 1434 1592 judicis
1483 1513 1579 1573 est
1618 1510 1843 1586 relata,
1894 1510 2161 1592 capitali
2208 1509 2471 1593 punitur
2515 1509 2852 1574 secundum

514 1617 935 1700 subjectivum
1004 1615 1429 1700 principium,
1507 1614 1751 1680 scilicet
1817 1620 2084 1699 propter
2152 1616 2388 1679 malam
2456 1616 2854 1679 voluntatem

516 1722 764 1805 (»solch
822 1721 1010 1786 bosel·
1069 1721 1301 1803 wilh),
1380 1721 1588 1805 qualis
1649 1743 1716 1785 se
1773 1722 2287 1786 manifestaverit
2344 1721 2411 1784 in
2473 1720 2852 1798 actionibuS,

516 1851 676 1912 quae
724 1850 868 1892 vere
915 1849 988 1892 ac
1034 1827 1293 1910 proprie
1339 1827 1430 1891 sic
1476 1826 1777 1891 dicuntur
1825 1828 2210 1910 (»werke«),
2274 1849 2462 1911 quae,
2522 1826 2673 1911 quia
2716 1828 2853 1890 lon-

515 1934 658 2020 gius
699 1934 836 2017 jam
882 1933 1205 2017 procedit,
1268 1933 1335 1996 in
1383 1955 1573 2017 quem
1617 1934 1809 1997 finem
1856 1938 1921 1997 et
1967 1934 2264 1997 effectum
2310 1933 2613 2010 tendant,
2675 1932 2855 1997 dubi-

515 2041 784 2106 tationis
807 2040 946 2123 jam
977 2044 1130 2104 sunt
1175 2044 1467 2122 expertes
1518 2039 2068 2131 (toscheinlicheet),
2116 2041 2343 2104 deinde
2392 2061 2555 2124 quae
2592 2042 2892 2125 propter‘

514 2170 614 2212 res
676 2146 929 2230 aliquas
985 2169 1021 2209 a
1067 2130 1403 2210 voluntate
1465 2145 1707 2209 alienas
1755 2150 1988 2211 eventu
2036 2149 2259 2210 carent
2305 2146 2329 2227 (
2339 2147 2580 2210 »durch
2627 2143 2857 2210 andere

515 2253 767 2318 mittel«
788 2249 837 2334 2)
900 2274 1065 2337 quae
1113 2253 1386 2334 denique
1435 2256 1628 2335 aptae
1674 2256 1857 2330 sunt,
1921 2252 2153 2336 quibus
2200 2252 2369 2316 idem
2417 2252 2655 2316 crimen
2705 2274 2859 2317 con-

516 2355 947 2440 summetur3).
974 2396 1062 2404 -—
1109 2357 1404 2422 Ceterum
1451 2380 1767 2442 exponere
1800 2358 2060 2422 omnino
2107 2380 2238 2422 non
2271 2359 2695 2422 necessarium
2739 2362 2859 2435 est,

514 2466 962 2531 instrumentis
1002 2465 1271 2529 utilibus
1320 2465 1768 2548 superstitiosa
1800 2464 1987 2528 simul
2034 2468 2099 2529 et
2144 2466 2397 2550 magica
2444 2488 2520 2529 ex
2552 2465 2862 2549 opinione

514 2573 687 2637 illius
734 2573 872 2636 aevi
922 2572 1026 2655 (cf.
1077 2594 1115 2635 a
1165 2571 1318 2653 109)
1367 2571 1850 2635 adnumeranda
1897 2568 2112 2653 esse4).
2179 2610 2267 2618 ——
2329 2571 2512 2647 Quod
2558 2573 2638 2635 ad
2687 2592 2862 2635 com-

515 2680 726 2744 munis
744 2679 909 2762 juris
935 2677 1182 2761 praxim
1217 2700 1379 2761 quae
1407 2677 1795 2761 sequebatur
1820 2678 1986 2742 hanc
2011 2677 2569 2755 Constitutionem,
2597 2678 2863 2758 attinet,

517 2786 864 2850 auctoritas
925 2783 1182 2868 quidem
1240 2806 1451 2848 rerum
1510 2788 1824 2867 perpetuo
1886 2783 2179 2847 similiter
2231 2784 2667 2869 judicatarum
2727 2806 2866 2848 non

514 2895 731 2977 potest
777 2890 1041 2955 dinosci.
1136 2890 1362 2954 Multis
1409 2913 1558 2954 vero
1608 2890 1892 2966 casibuS,
1954 2912 2110 2972 quos
2165 2885 2242 2952 in'
2291 2890 2641 2955 communis
2695 2890 2866 2975 juris

515 2998 701 3083 praxi
747 2997 1088 3061 secundum
1132 3018 1303 3060 mere
1349 2996 1769 3080 subjectivum
1815 2996 2201 3080 principium
2239 2996 2562 3081 judicatos
2609 2995 2867 3060 inveni-

514 3127 676 3181 mus,
725 3103 818 3168 sic
848 3103 919 3168 in
951 3104 1284 3169 Cattorum
1317 3099 1613 3185 ducatu5)
1647 3106 1713 3167 et
1744 3103 1913 3186 apud
1946 3101 2183 3166 Suevos
2216 3101 2622 3186 Saxonesque
2661 3123 2871 3186 usque

516 3213 597 3277 ad
658 3210 1099 3297 legislationes
1163 3208 1537 3274 recentioris
1601 3209 1773 3285 aevi,
1841 3208 2000 3272 satis
2062 3208 2476 3292 perspicitur,
2542 3209 2872 3274 rationem

515 3340 686 3383 mere
733 3316 1156 3400 subjectivam
1200 3316 1269 3381 111
1294 3316 1439 3399 jure
1486 3314 1803 3380 criminali
1835 3314 2040 3399 magis
2085 3314 2420 3400 magisque
2453 3315 2870 3398 comprobari

517 3425 821 3508 coepisse,
871 3446 1066 3508 quam
1113 3422 1368 3510 quidem
1415 3422 1733 3488 rationem
1780 3420 1849 3485 in
1895 3422 2146 3486 theoria
2202 3421 2574 3485 doctrinave
2632 3421 2869 3487 lauda-

697 3601 734 3668 ¹)
773 3604 904 3657 ante
928 3600 1411 3656 Constitutionem:
1456 3616 1558 3653 »an
1595 3599 1730 3653 Hals
1769 3599 1898 3653 oder
1924 3597 2133 3663 Hand,‹
2175 3599 2299 3668 post
2331 3597 2489 3652 illam
2530 3614 2634 3652 »an
2658 3598 2871 3662 Leben‚

516 3690 666 3756 Leib,
705 3690 947 3755 Glidern,
984 3690 1128 3743 Ehre
1153 3691 1266 3744 und
1301 3688 1797 3758 lebenslanglicher
1822 3686 2177 3757 Gefangniss‹
2218 3686 2404 3756 puniri
2429 3686 2650 3741 solitum
2666 3728 2679 3752 ,
2716 3686 2878 3756 quod

516 3780 738 3849 quidem
775 3779 983 3835 crimen
1018 3779 1076 3832 in
1114 3780 1313 3833 conatu
1350 3777 1441 3832 hic
1465 3776 1844 3847 accipiendum
1883 3792 1998 3830 esse
2034 3792 2207 3845 poena
2245 3774 2503 3846 capitalis
2539 3775 2597 3829 in
2627 3774 2878 3830 articulo

515 3868 728 3923 sancita
764 3868 900 3922 satis
937 3868 1199 3923 declarat.

698 3954 740 4023 ⁹)
778 3955 932 4022 Quod
968 3956 1189 4026 quidem
1225 3954 1389 4010 minis
1426 3956 1589 4026 urget
1625 3954 1817 4009 Bauer.
1855 3953 1893 4006 1.
1932 3971 1978 4007 c.
2015 3953 2056 4006 I.
2093 3972 2146 4024 p.
2185 3952 2307 4007 388.

698 4043 740 4112 ⁸)
778 4044 848 4102 cf.
886 4047 953 4100 ad
1003 4046 1140 4099 haec
1175 4042 1386 4099 Ludeni
1431 4042 1608 4097 libelli
1655 4041 2050 4107 recensionem,
2096 4056 2237 4111 quae
2273 4042 2335 4095 fit
2384 4056 2482 4111 per
2517 4039 2881 4111 Abeggium:

517 4133 792 4189 Kritische
827 4133 1169 4189 Jahrbiicher
1205 4133 1294 4187 fur
1329 4132 1601 4187 Rechtsvv.
1638 4131 1700 4184 11.
1738 4131 2029 4201 Jahrgang
2067 4129 2222 4184 1838.
2258 4148 2352 4201 pg.
2388 4129 2617 4184 48—54.

696 4222 740 4290 ⁴)
775 4241 826 4278 v.
873 4222 1078 4277 Archiv
1122 4223 1215 4276 des
1253 4220 1416 4276 Orim.
1432 4219 1583 4285 -Rs.‚
1625 4220 1819 4290 Abegg
1835 4261 1847 4283 ‚
1900 4219 2009 4272 Der
2045 4217 2393 4290 Aberglaube
2443 4217 2556 4271 und
2592 4218 2689 4271 das
2725 4215 2884 4271 Ver-

517 4297 753 4365 bfeehen
790 4329 885 4383 pg.
923 4311 1026 4365 399
1063 4329 1142 4380 sq.
1180 4312 1232 4366 3.
1270 4309 1418 4363 stok.

697 4398 742 4467 ⁶)
778 4399 1059 4472 Kersting:
1096 4399 1206 4454 Das
1243 4398 1553 4453 Strafrecht
1591 4397 1650 4451 in
1687 4396 1996 4451 Kurhessen
2032 4395 2062 4463 ξ
2102 4396 2186 4449 50.
