3052 4887
1267 323 1345 385 2-1

158 517 514 600 explanari,
583 539 772 600 quam
836 517 874 582 1.
929 519 1031 592 21,
1096 517 1130 598 ξ
1180 518 1231 583 8
1291 516 1350 581 h.
1410 521 1460 583 t.
1538 517 1683 601 Ulp.
1748 517 2172 599 (involucrum
2232 517 2507 601 tollere),

169 623 394 689 deinde
440 622 601 707 Gaji-
638 624 744 688 lib.
797 623 915 689 III.
965 624 1123 688 Inst.
1173 624 1210 704 ἓ
1260 625 1406 688 198.
1464 623 1879 708 Tryphonius
1939 623 2015 687 de
2077 623 2200 689 VS.
2249 624 2289 699 l.
2342 627 2508 703 225;

160 731 392 811 partim
441 730 828 813 objectivum
875 730 1161 801 criminis
1211 752 1440 812 corpus
1487 730 1695 794 solum
1746 752 1875 794 non
1925 731 2216 794 sufficere
2247 731 2329 796 cf.
2366 730 2507 816 Graj.
2563 800 2566 809 ,

157 835 267 901 ΠΙ.
310 838 353 918 ’ἓ
406 838 550 901 197.
625 837 659 918 ἓ
714 839 767 914 1,
820 837 857 900 7
907 837 1101 921 oblig.
1156 858 1316 920 quae
1364 859 1445 900 ex
1490 836 1611 900 del.
1664 837 1754 921 (4.·
1808 837 1906 919 1);
1953 838 2147 915 l.f47,
2196 838 2231 919 ἓ
2277 839 2312 901 7
2363 837 2423 903 h.
2459 842 2505 903 t.

159 942 503 1026 Ulpianus;
553 943 596 1008 l.
627 944 706 1006 76
741 965 834 1026 pr.
873 943 1296 1027 Pomponius,
1347 943 1427 1006 cf.
1457 942 1734 1008 Gellium
1756 942 1944 1009 Noct.
1977 943 2117 1008 Att.
2148 943 2220 1008 L.
2254 945 2357 1021 11,
2389 946 2505 1021 18;

156 1049 234 1113 ad
279 1049 516 1114 crimen
542 1100 556 1128 ,
620 1049 731 1113 sed
795 1049 1098 1115 exsistere
1145 1053 1447 1132 oportere
1499 1040 1901 1115 voluntatem
1949 1054 2025 1117 ⁴et
2083 1050 2382 1117 affectum
2439 1052 2509 1123 in

158 1156 393 1220 crimen
440 1156 600 1223 illud
647 1138 1049 1232 tendentem3
1107 1178 1264 1221 »nec
1297 1157 1466 1220 enim
1497 1158 1742 1220 factum
1774 1157 2123 1243 quaeritur,
2171 1158 2280 1223 sed
2305 1179 2507 1231 causa

152 1262 469 1327 faciendi«
533 1263 573 1335 i.
624 1285 676 1326 e.
734 1263 981 1326 animus
1046 1263 1206 1327 lucri
1271 1263 1551 1327 faciendi
1596 1263 1638 1326 l.
1691 1264 1795 1340 43,
1861 1264 1896 1346 ἓ
1939 1265 2005 1342 7,
2066 1265 2104 1326 8
2152 1262 2505 1346 Ulpianus.;

151 1368 192 1434 l.
227 1370 307 1435 22
377 1391 472 1451 pr.
533 1368 794 1432 Paullus
858 1372 922 1433 et
982 1369 1283 1452 inprimis
1349 1370 1384 1451 ξ
1452 1370 1508 1448 1,
1558 1370 1601 1433 l.
1638 1371 1755 1446 82,
1829 1369 1864 1451 ἓ
1913 1374 1951 1434 2
1969 1393 1985 1455 ς
2058 1371 2168 1434 sed
2213 1371 2282 1445 in
2328 1371 2507 1437 furto

147 1476 412 1558 jamjam
468 1475 792 1540 voluntati
851 1497 987 1541 non
1042 1478 1296 1540 tantum
1357 1477 1668 1549 momenti
1731 1477 2232 1555 attribuerunt,¹
2267 1481 2376 1557 ut,
2438 1478 2509 1541 ni

161 1582 357 1664 plane
397 1585 462 1646 et
509 1585 728 1666 aperte
775 1582 856 1646 ad
903 1582 1224 1665 objectum
1272 1582 1432 1651 furti
1478 1583 1727 1661 tendat,
1778 1583 1986 1666 possit
2034 1587 2320 1657 evertere
2367 1607 2506 1649 cor-

153 1711 269 1772 pus
315 1689 558 1767 delicti,
610 1689 843 1773 quibus
889 1690 958 1752 in
995 1688 1249 1753 casibus
1281 1689 1347 1759 id
1380 1688 1551 1772 quod
1581 1689 1741 1752 alibi
1771 1690 2265 1772 pronuntiatur:
2323 1691 2507 1773 »plus
2602 1739 2614 1749 .

153 1785 246 1859 est
305 1796 374 1864 in
430 1818 537 1872 re,
603 1817 805 1878 quam
859 1795 927 1859 in
994 1795 1512 1861 existimatione«
1579 1796 1792 1860 locum
1846 1796 2073 1861 habet:
2122 1798 2164 1863 l.
2203 1798 2306 1873 21,
2356 1797 2391 1879 g
2442 1799 2499 1862 2.

152 1901 465 1985 Ulpianus
512 1902 574 1965 h.
625 1907 706 1978 t.;
758 1924 872 1965 nec
918 1922 1201 1966 errorem
1245 1902 1314 1966 in
1360 1924 1627 1986 corpore
1673 1922 1790 1966 nec
1835 1902 1903 1965 in
1936 1925 2211 1986 persona
2258 1903 2504 1968 domini

151 2030 375 2073 nocere
424 2008 773 2092 quidquam
820 2009 1099 2073 creditur
1144 2009 1188 2074 l.
1223 2009 1329 2088 43,
1377 2010 1412 2090 ἓ
1459 2010 1520 2075 4.
1572 2008 1922 2091 Ulpianus:
1980 2008 2183 2074 »nihil
2215 2010 2385 2074 enim
2420 2010 2501 2077 ad
2540 2065 2543 2068 ,

150 2115 386 2180 furtum
444 2115 1010 2180 consummandum
1069 2116 1245 2193 facit,
1297 2116 1469 2198 quod
1515 2117 1695 2199 cujus
1744 2116 1863 2194 sit,
1925 2116 2320 2200 ignoraret«,
2370 2115 2502 2179 uti-

152 2244 271 2306 que
316 2222 712 2304 Pomponius
743 2222 783 2285 l.
824 2219 967 2304 771)
1017 2222 1261 2287 furtum
1309 2223 1530 2287 adesse
1577 2222 1755 2299 dicit,
1808 2242 2002 2306 quom
2049 2223 2217 2287 desit
2248 2223 2497 2287 animus

150 2329 411 2393 furandi.
450 2327 638 2406 sacci,
686 2350 803 2392 nec
850 2331 1066 2391 tamen
1112 2350 1190 2392 ex
1219 2330 1343 2393 hoc
1374 2329 1565 2397 unico
1598 2330 1958 2414 fragmento
2005 2330 2279 2401 multum
2312 2330 2501 2395 affer-

149 2440 250 2501 tur
295 2436 623 2504 adversus.
646 2434 1041 2502 sententiam
1088 2416 1394 2502 nostram.
1447 2474 1532 2482 —
1579 2435 1979 2520 Quamquam
2007 2459 2158 2501 ,non
2190 2457 2501 2520 negamus

148 2544 314 2609 inter
353 2543 873 2628 jurisconsultos,
925 2544 1033 2625 qui
1082 2545 1236 2607 tunc
1300 2544 1611 2627 temporis
1672 2544 2007 2622 vivebant,
2069 2543 2241 2606 inter
2292 2541 2502 2607 Nera·

148 2650 312 2714 tium
359 2651 441 2732 (P)
491 2650 592 2713 vel
638 2648 856 2713 forsan
903 2647 1214 2712 Sabinum
1271 2648 1540 2732 (Gellius
1602 2649 1843 2713 Noctes
1890 2649 2153 2714 Atticae
2198 2649 2269 2713 L.
2325 2649 2433 2733 11)
2449 2646 2500 2732 2)

147 2758 574 2841 Papinianum
633 2756 714 2837 (P)
783 2756 915 2839 (47.
985 2756 1115 2837 19)ἐ
1155 2757 1345 2839 expil.
1414 2755 1628 2824 hered.
1693 2756 1731 2819 l.
1779 2757 1839 2820 6.
1948 2755 2373 2839 Pomponium
2429 2759 2502 2824 ,et

148 2866 216 2930 in
247 2865 457 2934 altera
487 2866 674 2946 parte
708 2862 1092 2940 Labeonem,
1128 2862 1448 2942 Paullum,
1499 2862 1851 2946 Ulpianum
1893 2866 1958 2926 et
1989 2862 2162 2927 inter
2194 2862 2500 2954 antiquos

147 2972 505 3037 Prudentes
553 2970 815 3034 omnino
863 2969 1317 3040 altercationes
1363 2970 1578 3048 fuisse,
1644 2969 1818 3036 haud
1868 2970 2271 3036 immemores
2305 2969 2495 3053 frag-

328 3218 366 3288 ¹)
404 3219 479 3275 cf.
518 3234 648 3273 vero
684 3217 942 3271 Paullum
979 3218 1016 3271 l.
1044 3216 1199 3280 22„§
1228 3219 1253 3271 1
1296 3218 1351 3271 h.
1388 3220 1431 3271 t.

321 3307 363 3376 2)
400 3308 735 3377 Magnopere
772 3306 982 3371 dubito,
1022 3325 1167 3361 num-
1192 3307 1311 3361 loco
1347 3306 1437 3360 illi
1474 3306 1606 3361 fides
1654 3304 2011 3360 attribuenda
2059 3305 2149 3371 sit,
2189 3306 2258 3360 cf.
2301 3307 2405 3373 (41.
2443 3307 2499 3373 4)

147 3400 322 3454 Paull.
361 3415 467 3469 pro
502 3398 617 3451 emt
653 3394 691 3448 1.
731 3396 779 3459 2,
818 3396 848 3462 ς
886 3398 946 3459 2;
994 3395 1189 3462 deinde
1242 3395 1438 3466 Gajus,
1487 3412 1523 3448 a
1568 3412 1676 3464 quo
1727 3394 1824 3448 ille
1878 3396 2228 3464 »praeceptor
2283 3395 2495 3448 noster«

144 3488 461 3558 appellatur
480 3528 494 3550 ‚
547 3484 780 3538 alteram
832 3484 1097 3554 amplecti
1146 3484 1363 3539 videtur
1411 3483 1761 3538 sententiam.
1842 3481 2013 3537 Locus
2061 3484 2207 3552 apud
2260 3481 2500 3536 Gellium

143 3576 240 3631 lib.
280 3576 357 3629 XI
395 3593 443 3629 c.
484 3575 553 3627 18
590 3573 774 3628 hicce:
819 3572 1030 3627 »Verba
1067 3573 1260 3627 Sabini
1297 3573 1439 3628 libro
1469 3555 1614 3643 juris
1653 3571 1833 3626 civilis
1869 3571 2131 3626 secundo:
2193 3570 2329 3635 »Qui
2367 3571 2499 3625 alie-

143 3683 271 3719 nam
326 3682 445 3718 rem
499 3664 794 3727 attrectat,
852 3680 976 3716 cum
1027 3662 1085 3716 id
1134 3678 1189 3715 se
1244 3661 1421 3717 invito
1475 3661 1695 3717 domino
1740 3662 1920 3715 facere
1963 3660 2214 3730 judicare
2260 3661 2500 3725 deberet,

144 3753 276 3807 furti
330 3755 607 3807 tenetur.«
715 3752 857 3805 Item
911 3749 1022 3804 alio
1068 3751 1278 3820 capite:
1348 3750 1484 3814 »Qui
1532 3750 1773 3804 alienum
1831 3750 2021 3819 Jacens
2072 3747 2212 3802 lucri
2261 3748 2501 3803 faciendi

141 3861 304 3898 causa
340 3837 589 3904 sustulit,
644 3838 784 3891 furti
818 3839 1199 3909 obstringitur,
1255 3840 1370 3894 sive
1405 3839 1529 3906 scit,
1566 3839 1724 3908 cujus
1759 3838 1849 3904 sit,
1900 3838 2014 3892 sive
2050 3836 2270 3892 nescit«
2349 3838 2501 3891 Haec

142 3933 364 4001 quidem
423 3929 505 3984 sic
557 3927 617 3982 in
653 3927 716 3981 eo
732 3969 745 3993 ,
800 3945 908 3997 quo
962 3946 1108 3982 nunc
1153 3928 1271 3983 dixi
1315 3928 1456 3984 libro
1507 3928 1744 3983 Sabinus
1791 3926 2013 3997 scripsit
2049 3927 2115 3981 de
2165 3927 2326 3981 rebus
2362 3925 2501 3979 furti

140 4020 382 4093 faciendi
441 4034 607 4073 causa
662 4017 988 4078 attrectatis.
1063 4017 1173 4071 Sed
1207 4017 1518 4084 meminisse
1574 4017 1848 4082 debemus,
1896 4016 2194 4070 secundum
2238 4031 2319 4081 ea,
2358 4031 2499 4084 quae

140 4128 306 4180 supra
342 4106 557 4176 scripsi,
595 4106 804 4160 furtum
842 4106 958 4160 sine
983 4107 1100 4161 ulla
1143 4123 1358 4176 quoque
1401 4106 1787 4162 attrectatione
1812 4105 1932 4159 fieri
1967 4095 2139 4175 posse,
2176 4105 2291 4158 sola
2314 4104 2499 4157 mente

141 4202 307 4269 atque
345 4196 553 4260 animo,
610 4197 672 4249 ut
708 4196 919 4249 furtum
957 4196 1072 4261 fiat,
1127 4195 1429 4251 annitente.
1504 4195 1767 4260 Quocirca
1804 4212 1871 4249 ne
1910 4193 1966 4247 id
2003 4193 2224 4263 quidem
2262 4191 2498 4246 Sabinus

140 4287 398 4341 dubitare
437 4302 496 4339 se
534 4282 616 4338 ait
660 4284 812 4352 »quis
849 4284 1101 4339 dominus
1141 4284 1275 4338 furti
1326 4285 1399 4338 sit
1451 4284 1907 4349 condemnandus,
1956 4282 2053 4352 qui
2100 4298 2254 4335 servo
2302 4298 2398 4335 suo
2434 4283 2497 4336 ut

140 4376 352 4431 furtum
391 4367 635 4436 faceret-,⁵
656 4372 996 4443 imperavit«
1042 4402 1106 4411 --
