3052 4887
1320 315 1404 378 37

1154 406 1576 413 ——-——*-—-—.-...-ffl

193 509 268 573 de
314 509 531 572 inutili
577 509 911 572 conamine
958 509 1064 591 jus
1109 509 1469 573 Romanum
1516 507 1910 572 introducit?
2001 508 2186 584 Quod
2246 531 2397 574 vero
2460 513 2547 575 ad

191 616 576 700 interpretes
623 615 769 678 illos
815 614 1088 693 attinet,
1144 614 1211 678 id
1257 614 1662 698 potissimum
1724 619 1825 680 est
1885 615 2332 699 premendum,
2392 617 2539 681 illos

194 722 550 805 posteriore
597 725 885 804 tempore
933 721 1195 800 vixisse,
1258 742 1332 785 ac
1379 720 1642 785 Gobleri
1687 721 2214 804 interpretationi
2274 745 2348 788 eo
2394 723 2541 806 plus

197 828 508 892 momenti
540 828 972 904 attribuimus,
1024 850 1151 911 quo
1198 828 1407 912 magis
1454 827 1778 891 consentit
1809 850 1953 892 cum
1989 850 2108 892 usu
2140 829 2545 913 germanicae

191 934 450 1019 linguae
469 983 484 1011 ,
550 950 745 1017 quem*
797 956 992 1017 supra
1029 934 1164 1017 jam
1227 934 1650 1016 exposuimus,
1721 970 1809 979 ——
1877 933 1966 998 Ut
2027 934 2338 999 tenariter
2391 957 2542 1000 vero

195 1040 365 1105 hanc
412 1040 779 1105 obtinemus
826 1040 1251 1117 senteutiam,
1298 1040 1393 1103 ita
1437 1062 1664 1123 parum
1710 1044 1937 1104 nostra
1983 1038 2306 1119 intererit,
2371 1041 2543 1124 quod

197 1146 418 1210 Luden
469 1168 543 1210 ac
589 1145 1029 1210 Pfoteuhauer
1089 1169 1164 1210 ex
1228 1145 1350 1210 hoc
1399 1146 1674 1210 articulo
1734 1147 2027 1230 impunes
2087 1168 2223 1211 esse
2272 1170 2546 1231 praepa-

193 1253 482 1317 rationes
531 1253 747 1317 delicti
795 1253 1205 1336 depromunt‚
1266 1252 1663 1336 improbare3
1724 1253 1896 1336 quod
1943 1275 2127 1330 sane,
2192 1253 2246 1317 si
2293 1253 2547 1337 quidem

196 1358 630 1443 paraphrasin
662 1358 846 1423 Remi
892 1359 1231 1437 intuemur,
1281 1359 1730 1423 difficillimum
1778 1381 1914 1423 esse
1953 1360 2401 1424 concedemus:
2458 1360 2551 1424 »si

196 1466 342 1549 quis
386 1488 519 1529 non
567 1466 956 1530 extrinsecus
1003 1468 1256 1529 tantum
1307 1467 1371 1530 et
1415 1465 1678 1529 remotis
1725 1464 1933 1544 factiS,
1983 1469 2055 1529 ut
2087 1469 2404 1549 apparatu
2450 1471 2549 1531 te-

193 1573 425 1649 lorum,
477 1573 708 1636 veneni
755 1572 912 1636 mali
957 1572 1455 1655 praeparatione
1502 1575 1645 1650 etc.,
1695 1573 1802 1635 sed
1851 1571 2192 1655 proximiS,
2257 1594 2421 1655 quae
2468 1574 2550 1637 ad

197 1678 665 1763 perfectionem
693 1679 976 1743 criminis
1009 1678 1412 1762 pertingunt,
1448 1677 1830 1742 maleficium
1853 1678 2188 1763 designare
2221 1683 2546 1758 conetur‚«

200 1785 588 1869 praesertim
628 1806 821 1868 quom
849 1774 1040 1848 'clara
1088 1784 1341 1849 articuli
1374 1784 1573 1848 verba
1618 1785 1685 1847 id
1733 1787 2071 1848 testentur.
2165 1783 2303 1848 Nec
2347 1786 2552 1863 nobiS,

195 1867 437 1956 verbis⁸
488 1891 986 1974 »apparentibus
1050 1890 1277 1953 factis«
1357 1890 1782 1954 »scheinliche
1840 1890 2089 1954 werke«
2160 1891 2317 1954 talia
2381 1891 2556 1956 facta

197 1997 556 2082 significari
593 1996 912 2075 videntur,
968 2018 1168 2080 »quae
1216 1996 1611 2060 extrinsecus
1658 1996 1910 2079 possint
1956 1996 2177 2073 videri,
2222 1996 2361 2061 visu
2408 2020 2553 2085 per-

198 2104 409 2187 cipi;‹
467 2103 575 2166 sed
623 2124 784 2187 quae
832 2105 1215 2187 argumenta
1261 2102 1483 2187 gravia
1530 2103 1901 2185 praebeant,
1953 2103 2182 2187 quibus
2217 2103 2556 2168 consilium

197 2210 297 2274 ita
346 2209 687 2292 probetur,
752 2212 825 2272 ut
885 2209 1111 2293 negari
1170 2231 1300 2271 nou
1349 2208 1586 2292 possit,
1643 2246 1710 2254 —
1770 2208 1925 2292 quid
1974 2209 2188 2292 plura!
2237 2230 2399 2292 quae
2448 2210 2557 2273 de-

198 2318 604 2393 monstrant,
676 2315 914 2380 crimen
987 2315 1307 2398 quoddam
1377 2315 1638 2378 tentari.
1764 2314 1880 2379 Oui
1948 2315 2073 2392 rei,
2153 2315 2347 2379 etiam
2417 2316 2559 2381 voci

206 2424 505 2487 »werke«
546 2421 827 2500 dilucidi,
878 2421 1149 2486 visibilis
1184 2421 1529 2505 cujusdam,
1579 2422 1748 2505 quod
1781 2421 1981 2486 oculis
2014 2422 2307 2500 occurrit,
2356 2422 2559 2508 signi-

198 2530 579 2595 ficationem
624 2530 833 2593 inesse
881 2529 1189 2593 addimus·
1284 2527 1420 2593 Nos
1466 2550 1722 2612 quoque
1768 2550 2079 2613 negamus
2127 2551 2203 2592 ex
2249 2529 2368 2593 tali
2415 2551 2558 2593 ver-

199 2637 439 2700 borum
486 2636 554 2699 in
602 2658 656 2700 a.
711 2637 837 2700 178
899 2635 1305 2718 expressione
1351 2656 1539 2718 posse
1600 2634 1676 2698 de
1723 2634 2049 2717 punienda
2109 2633 2327 2699 delicti
2372 2658 2559 2719 prae·-

201 2743 555 2826 paratione
603 2741 878 2826 cogitari
925 2741 992 2803 in
1037 2742 1176 2824 jure
1225 2740 1577 2817 communi;
1627 2741 1737 2804 sed
1783 2740 2315 2824 interpretationi
2362 2742 2561 2805 etiam

196 2850 389 2914 locus
415 2854 532 2925 est,
568 2870 782 2912 nonne
816 2849 1070 2931 praeter
1095 2869 1350 2911 omnem
1382 2847 1560 2909 illam
1584 2847 1923 2911 verborum
1955 2847 2561 2929 interpretationem

196 2980 277 3021 ea
328 2954 659 3019 sententia
705 2953 961 3018 defendi
1015 2954 1256 3037 possit,
1328 2975 1440 3036 per
1496 2975 1564 3016 se
1624 2956 1794 3017 stare
1854 2954 1983 3016 vim
2043 2975 2116 3017 ac
2175 2957 2563 3036 potestatem

195 3084 460 3140 eorum,
512 3082 675 3144 quae
724 3060 1024 3144 apposita
1071 3063 1252 3124 sunt:
1308 3059 1448 3123 »die
1497 3081 1610 3122 zur
1658 3060 2136 3145 volubringung
2182 3060 2293 3124 der
2339 3060 2563 3124 misse-

196 3171 359 3235 that
393 3167 738 3231 dienstlich
771 3167 910 3230 sein
954 3172 1247 3250 mogen,‹
1302 3188 1376 3231 ac
1422 3165 1663 3249 requiri
1708 3169 1964 3248 praeter
2011 3170 2311 3230 conatum
2343 3168 2563 3250 proxi—

194 3299 406 3354 mum,
456 3278 529 3337 ut
575 3273 1006 3338 instrumenta
1059 3273 1247 3336 utilia
1303 3273 1476 3336 sint?
1569 3272 1737 3348 Quid
1785 3275 1912 3350 est,
1962 3273 2132 3355 quod
2176 3294 2296 3337 nos
2344 3272 2564 3357 prohi-

194 3386 366 3450 beat
387 3430 402 3459 ,
469 3380 809 3463 quominus
857 3380 927 3442 iu
987 3380 1247 3443 secundi
1306 3380 1561 3444 articuli
1616 3379 1788 3442 linea
1834 3381 2137 3443 conatum
2182 3379 2562 3462 proximum,

194 3488 466 3554 habilia
513 3490 578 3550 et
608 3487 797 3550 utilia
843 3486 1273 3551 instrumenta
1320 3486 1386 3549 in
1419 3486 1617 3549 tertia
1661 3485 1834 3549 linea
1863 3485 2175 3568 requisita
2221 3485 2563 3561 videamus,

196 3604 275 3664 ut
328 3597 607 3661 conatus
653 3592 857 3675 possit
903 3592 1137 3675 puniri.
1229 3592 1334 3655 An
1381 3596 1649 3656 conatus
1696 3592 1917 3657 forsan
1975 3591 2311 3655 inutilibus
2364 3591 2568 3656 ratio·

192 3705 403 3770 nibus
466 3702 798 3782 susceptus
858 3698 1085 3781 nequit
1130 3720 1264 3762 esse
1310 3699 1499 3763 modo
1546 3697 2044 3776 remotissimuS,
2104 3697 2293 3761 modo
2356 3697 2565 3760 miuus

191 3811 522 3884 remotuS,
570 3805 757 3869 modo
805 3804 1172 3888 proximus?
1264 3804 1367 3867 An
1417 3808 1482 3868 et
1530 3804 1908 3882 sententiae,
1960 3824 2123 3887 quae
2164 3804 2565 3867 contendun-

192 3924 335 3996 tur,
394 3914 605 3978 altera
653 3911 840 3976 alteri
888 3911 1011 3975 sibi
1056 3932 1414 3995 repugnare
1461 3911 1780 3989 videntur,
1829 3911 1923 3974 ita
1969 3913 2041 3974 ut
2088 3932 2194 3987 eo,
2254 3909 2422 3993 quod
2468 3932 2568 3973 re-

195 4021 503 4110 quisitus
563 4020 662 4081 est
725 4038 1097 4101 progressus
1162 4017 1419 4101 quidam
1484 4017 1779 4096 actionis,
1842 4016 2212 4081 excludatur
2276 4016 2565 4094 alterum,

194 4128 389 4217 quod
455 4124 635 4187 utilis
696 4127 978 4206 aptaque
1040 4124 1207 4187 actio
1265 4123 1336 4186 iu
1396 4123 1731 4187 conamine
1789 4124 2239 4206 requirantur?
2345 4120 2568 4204 Neque

192 4234 553 4316 intellego,
606 4230 1018 4313 quamobrem
1064 4229 1134 4292 in
1180 4230 1278 4306 iis,
1329 4251 1490 4312 quae
1538 4230 1837 4313 apposita
1884 4233 2056 4306 sunt,
2105 4227 2318 4292 verbis
2360 4228 2569 4291 omni-

191 4342 408 4411 modo
475 4340 772 4421 oporteat
828 4337 1037 4400 inesse
1084 4336 1291 4400 denuo
1335 4335 1669 4401 notionem
1725 4336 2047 4401 factorum
2092 4333 2568 4418 apparentium,
