3052 4887
1302 279 1416 342 χ33
1510 340 1521 349 .,

197 469 812 535 animadversionem
873 470 1147 537 obtinet.
1240 468 1512 554 Singula
1567 471 1869 536 nimirum
1886 520 1900 548 ,
1967 473 2070 536 ita
2121 473 2302 556 loqui
2364 473 2541 553 libet,

198 577 537 643 conamina
597 579 671 641 in
721 577 864 660 jure
921 577 1286 661 germanico
1350 568 1604 660 quoque
1668 578 2053 655 invenimuS,
2122 578 2233 642 sed
2302 583 2541 658 tamen,

196 686 269 745 ut
315 678 548 745 eximia
596 682 938 767 diligentia
983 682 1204 745 Luden
1220 682 1267 760 ¹)
1329 683 1623 766 exposuit
1672 684 2011 747 conamina
2056 685 2351 766 proxima
2397 691 2544 749 tan-

194 790 366 866 tum,
418 810 578 871 quae
627 789 883 872 quidem
927 790 1175 853 minore
1188 785 1238 871 2)
1286 810 1496 872 poena
1543 789 1934 875 afficiuntur.
1981 826 2070 834 —
2115 789 2219 853 Ita
2262 791 2334 853 in
2378 792 2542 876 legi-

194 893 314 957 bus
360 894 776 959 barbarorum
822 898 887 959 et
917 897 985 957 in
1018 894 1407 958 tractatibus
1440 894 1516 957 de
1540 895 1687 977 jure
1706 944 1721 973 ,
1769 895 1880 978 qui
1910 900 2064 958 tunc
2096 896 2543 961 scribebantur

191 999 709 1064 animadversum
753 1003 822 1064 in
870 1004 1266 1065 attentatum
1309 998 1658 1076 homicidii,
1708 1000 1971 1065 abortus
2002 1003 2541 1085 procurationem,

190 1105 589 1183 sterilitatis,
639 1106 863 1191 plagii,
912 1106 1196 1170 criminis
1242 1105 1336 1168 vis
1382 1106 1451 1168 in
1498 1127 1689 1168 sensu
1733 1107 2025 1189 speciali,
2077 1110 2318 1190 raptuS,
2369 1109 2541 1191 rapi-

190 1232 343 1289 nae,
405 1211 594 1289 furti,
659 1212 828 1295 quod
892 1213 1134 1276 crimen
1189 1211 1518 1295 publicum
1582 1215 1682 1274 est
1740 1212 1810 1274 in
1847 1213 1991 1295 jure
2037 1213 2426 1298 germanicO,
2475 1218 2542 1277 et

191 1315 345 1380 falsi
390 1317 834 1402 intelligimus.
929 1318 1057 1382 Vix
1103 1317 1278 1381 aliud
1324 1317 1675 1400 quidquam
1719 1317 1928 1382 facere
1989 1341 2107 1383 nos
2152 1341 2340 1403 posse
2388 1341 2540 1384 con-

190 1422 476 1499 fitemur,
527 1445 718 1506 quam
765 1428 1084 1507 repetere,
1136 1445 1299 1507 quae
1347 1423 1457 1486 ille
1505 1423 1726 1500 docet,
1775 1445 2133 1506 possemne,
2185 1426 2241 1488 si
2287 1425 2541 1509 singula

189 1529 551 1592 accuratius
611 1529 1085 1613 exploraremus
1148 1529 1272 1594 hic.
1368 1527 1663 1592 Sufficiat
1721 1529 1923 1614 igitur
1983 1531 2169 1601 nobis
2235 1532 2538 1595 statuisse

186 1634 257 1696 in
297 1634 442 1717 jure
487 1636 885 1718 germanicO,
934 1636 1005 1723 in
1054 1657 1179 1718 quo
1228 1635 1374 1719 plus
1420 1635 1659 1717 privati
1690 1657 1883 1718 quam
1928 1636 2170 1719 publici
2208 1637 2373 1719 juris
2419 1659 2537 1700 na-

186 1745 406 1805 turam
478 1740 836 1805 invenimus
902 1763 1299 1824 expressam,
1368 1740 1757 1823 objectivum
1822 1741 2147 1819 obtinere,
2214 1743 2406 1806 sicuti
2469 1744 2538 1807 in

184 1847 369 1910 nullo
417 1847 545 1910 alio
584 1848 729 1930 jure
753 1897 767 1925 ,
815 1847 1223 1930 principium.
1273 1884 1362 1892 —
1420 1845 1593 1910 Nam
1640 1869 1717 1911 ex
1762 1847 1882 1910 hac
1927 1848 2181 1912 ratione
2228 1849 2534 1932 sequitur,

182 1955 257 2015 ut
305 1973 601 2037 poenam·
625 1953 693 2015 in
739 1954 860 2017 tali
898 1953 1042 2035 jure
1089 1953 1445 2037 irrogatam
1492 1975 1630 2016 esse
1677 1954 2002 2016 conamini
2047 1954 2387 2018 inutilibus
2433 1956 2533 2018 in-

184 2058 564 2123 strumentis
610 2059 991 2124 contendere
1036 2081 1447 2143 nequeamus,

374 2164 557 2239 Quod
612 2165 1004 2249 intelligitur
1064 2188 1316 2250 quoque
1352 2165 1723 2229 ‚manifesto
1792 2187 1868 2228 ex
1931 2166 2259 2230 nonnullis
2324 2167 2538 2251 legum

134 2272 139 2275 ’
185 2271 608 2355 codicumque
654 2271 844 2335 locis:
892 2271 1056 2356 legis
1102 2271 1561 2355 Ripuariorum
1607 2272 1661 2334 ti
1709 2272 1792 2335 83
1840 2293 1891 2335 c.
1947 2274 2017 2335 1:
2086 2272 2180 2334 »si
2239 2271 2380 2355 quis
2438 2272 2537 2336 vir

185 2400 303 2442 seu
352 2400 479 2461 qua
524 2377 754 2441 mulier
802 2377 1114 2462 Ripuaria
1159 2399 1274 2461 per
1320 2399 1637 2441 venenum
1696 2399 1808 2440 seu
1853 2398 1969 2461 per
2026 2377 2284 2462 aliquod
2343 2379 2539 2442 male-

180 2485 403 2549 ficium
436 2485 713 2567 aliquem
744 2484 1114 2567 perdiderit,
1149 2485 1549 2569 weregiltum
1582 2487 1963 2566 componat«
2002 2506 2054 2549 c.
2092 2486 2158 2547 2:
2200 2485 2296 2548 »si
2324 2491 2536 2548 autem

179 2595 479 2655 mortuus
537 2612 668 2654 non
728 2590 924 2654 fuerit
982 2593 1048 2653 et
1093 2592 1471 2656 varietatem
1531 2613 1644 2655 seu
1689 2590 2091 2654 debilitatem
2138 2591 2535 2674 probabilem

180 2719 261 2760 ex
309 2696 435 2760 hoc
470 2697 539 2759 in
585 2691 850 2779 corpore
882 2696 1200 2774 habuerit,
1249 2700 1505 2760 centum
1554 2696 1777 2760 solidis
1823 2696 2162 2780 culpabilis
2185 2697 2532 2780 judicetur,

181 2806 301 2867 aut
352 2824 496 2866 cum
542 2824 652 2865 sex
689 2802 927 2884 juret.‹
1023 2802 1146 2866 Hic
1193 2803 1383 2886 plane
1431 2824 1639 2866 sermo
1699 2804 1797 2866 est
1845 2802 1921 2865 de
1967 2802 2158 2865 rebus
2206 2806 2318 2866 aut
2361 2804 2535 2868 vitae

178 2914 301 2973 aut
349 2908 706 2972 valetudini
750 2908 1144 2992 periculosis,
1241 2908 1484 2973 Clarius
1539 2931 1688 2973 vero
1750 2913 1816 2972 et
1862 2908 1985 2984 ita,
2036 2912 2110 2971 ut
2158 2930 2377 2973 omnes
2424 2911 2534 2974 du-

178 3015 545 3080 bitationes
592 3014 988 3093 eximantur,
1038 3015 1107 3077 in
1152 3014 1292 3099 lege
1339 3015 1567 3098 Bajud.
1619 3015 1672 3078 ti
1718 3016 1756 3078 3
1805 3036 1858 3078 c.
1913 3016 1948 3078 7
2000 3014 2317 3097 objective
2363 3017 2532 3099 peri-

177 3123 410 3188 culosa
441 3142 596 3198 esse,
648 3143 811 3203 quae
844 3121 1134 3185 adhibita
1180 3121 1332 3199 sint,
1381 3122 1813 3185 instrumenta
1846 3124 2141 3204 oportere
2174 3122 2534 3204 expositum

171 3233 309 3293 est:
371 3226 727 3305 assimiliter,
779 3228 888 3312 qui
920 3228 1250 3311 potionem
1281 3228 1643 3310 hujusmodi
1675 3227 2013 3291 donaverit
2043 3228 2254 3305 alicui,
2301 3228 2367 3290 in
2404 3250 2531 3309 quo

169 3334 591 3400 mortiferum
636 3355 771 3397 esse
819 3334 1205 3411 dinoscitur,
1257 3334 1548 3416 quamvis
1595 3355 1866 3417 parvum
1924 3333 2011 3396 sit
2066 3336 2179 3398 aut
2237 3334 2531 3411 multum,

168 3444 223 3505 si
276 3440 581 3516 evaserit,
631 3461 772 3503 cum
805 3440 1134 3504 duodecim
1179 3443 1588 3523 componat,«
1642 3439 1869 3504 deinde
1919 3462 1972 3505 c.
2022 3442 2060 3503 6
2108 3440 2253 3504 eod:
2304 3441 2358 3503 si
2391 3441 2532 3523 quis

169 3571 323 3614 cum
377 3547 673 3610 toxicata
698 3546 949 3631 sagitta
995 3546 1187 3611 alicui
1220 3547 1603 3631 sanguinem
1649 3546 1965 3623 effuderit,
2016 3568 2157 3610 cum
2205 3546 2533 3609 duodecim

166 3654 408 3721 solidis
457 3656 802 3736 componat
849 3675 956 3731 eo,
1005 3654 1177 3737 quod
1222 3654 1529 3717 inunwan
1579 3652 1935 3734 (inunwani
1989 3652 2031 3714 i.
2083 3674 2134 3717 e.
2193 3652 2262 3715 in
2308 3652 2531 3735 despe-

164 3762 504 3827 rationem
551 3758 811 3841 vitae).«
908 3759 986 3823 In
1039 3763 1314 3843 utroque
1375 3782 1526 3823 casu
1580 3758 1906 3822 habilibus
1961 3758 2408 3821 instrumentis
2456 3759 2533 3822 de

163 3869 484 3952 suscepto
533 3868 770 3929 conatu
816 3865 923 3949 agi
954 3866 1225 3947 videtur,
1273 3866 1343 3928 in
1389 3887 1516 3948 quo
1566 3886 1904 3928 verumnec
1931 3864 2336 3947 putationem
2383 3869 2531 3928 tan—

361 4130 406 4197 ¹)
445 4128 653 4194 Luden,
690 4128 1137 4199 Abhandlungen
1174 4146 1272 4183 aus
1306 4129 1434 4182 dem
1471 4128 1781 4183 Strafrecht
1817 4146 1870 4197 p.
1911 4129 2211 4182 302—395.

356 4219 403 4286 ²)
445 4216 758 4282 Zachariae,
795 4217 964 4272 Lehre
1001 4236 1126 4273 vom
1163 4217 1435 4272 Versuehe
1473 4219 1570 4272 der
1607 4217 1968 4272 Verbrechen.
2006 4222 2036 4281 ξ
2076 4219 2195 4272 205.
2269 4217 2338 4271 cf.
2390 4234 2531 4287 quae

156 4309 449 4385 explanat
485 4306 553 4360 de
590 4305 687 4360 illo
723 4306 864 4360 libro
900 4307 1099 4377 Abegg
1135 4305 1228 4362 cit.
1267 4305 1409 4360 Krit.
1446 4306 1801 4359 Jahrbuoher.
