3052 4887
154 4391 255 4464 ’Ἃ

1661 274 1741 337 18

519 488 597 530 ex
640 466 682 531 l.
738 469 768 530 1
821 465 973 531 God.
1023 466 1159 531 eod.
1208 467 1264 531 ti
1311 471 1613 550 apparet3
1683 488 1888 550 neque
1950 468 2313 548 dubitatur,
2385 471 2543 553 quin
2601 471 2855 539 omnino

519 571 644 637 hoc
689 572 1117 655 periculosum
1162 593 1333 655 sane,
1384 573 1558 655 quod
1604 573 1990 655 putabatur,
2056 574 2259 639 scelus
2309 575 2389 639 ab
2435 577 2579 665 lege
2626 576 2856 641 Gorne-

520 678 609 741 lia
652 700 881 762 parum
924 677 1271 741 abhorreat
1318 679 1396 743 ci.
1446 677 1708 743 Paullus
1765 679 1916 743 Rec.
1968 678 2144 745 Sent.
2193 680 2273 758 V,
2324 684 2407 747 23
2455 684 2622 766 inpr.
2672 683 2707 765 ἓ
2755 685 2853 753 14,

522 782 722 848 Basil.
771 784 812 847 l.
850 785 953 848 60.
1004 783 1080 847 ti.
1115 785 1177 849 9.
1224 783 1399 849 item.
1438 782 1594 848 Ood.
1631 783 1873 850 Theod.
1921 785 1964 848 1.
2003 788 2061 849 1.
2110 808 2380 869 quorum
2421 789 2856 872 appellatione

518 890 560 955 1.
613 893 650 954 8
699 891 776 955 de
820 890 1067 974 indulg.
1117 890 1294 955 crim.
1341 890 1384 956 l.
1435 891 1475 954 6
1523 890 1662 956 eod.
1712 891 1785 954 ti.
2387 918 2388 943 ι

610 986 615 991 ”
699 996 919 1060 Tertia
977 1018 1194 1060 earum
1213 1046 1229 1075 ‚
1296 1017 1456 1082 quas
1530 997 1865 1061 attulimus
1880 1045 1897 1070 ,
1967 998 2333 1078 notionum,
2406 999 2665 1083 quidem
2729 1024 2859 1066 non

519 1102 843 1186 congruit,
891 1105 965 1166 ut
1011 1102 1171 1169 duae
1217 1102 1483 1185 priores,
1535 1103 2082 1187 conglutinationi
2124 1104 2252 1168 loci
2297 1127 2440 1169 cum
2486 1106 2681 1171 titulo
2712 1107 2855 1171 uni-

519 1230 722 1289 verso,
772 1207 883 1292 'qui
926 1211 1026 1272 est
1071 1209 1148 1272 de
1192 1208 1335 1292 lege
1383 1207 1682 1272 Cornelia
1726 1231 1844 1274 nec
1902 1231 2044 1272 cum
2100 1210 2515 1294 fragmentis,
2576 1233 2737 1295 quae
2793 1219 2858 1278 et

519 1314 913 1399 praecedunt
958 1336 1245 1397 quaeque
1291 1318 1664 1397 sequuntur.
1736 1313 2222 1380 Consideremus
2256 1319 2470 1383 autem
2516 1319 2587 1383 in
2633 1320 2855 1395 ceteris

509 1421 696 1505 juriS‚
743 1420 916 1505 quod
945 1420 1253 1485 traditum
1284 1423 1380 1485 est
1410 1420 1480 1484 in
1509 1442 1774 1504 corpore
1800 1421 1985 1504 juris',
2019 1422 2369 1487 criminalis
2401 1424 2699 1507 partibus
2728 1446 2855 1489 non

518 1527 795 1592 inveniri
839 1527 1138 1611 generale
1184 1526 1494 1609 ejusmodi
1538 1527 1798 1605 dictum,
1847 1529 2195 1593 secundum
2227 1530 2410 1612 quod„
2429 1535 2731 1595 conatum
2762 1554 2859 1595 re-

517 1639 766 1698 motum
813 1633 1206 1718 puniendum
1251 1654 1385 1696 esse
1432 1632 1725 1697 adhibito
1782 1635 2039 1719 quidem
2086 1635 2394 1718 ampliore
2440 1637 2620 1702 verbi
2664 1638 2859 1702 male-

515 1741 647 1805 ficii
693 1761 883 1803 sensu
930 1739 1149 1823 colligi
1194 1742 1443 1822 potest3
1494 1761 1528 1803 e
1576 1741 1931 1819 contrario,
1979 1763 2110 1805 non
2159 1742 2345 1819 modo
2391 1765 2625 1829 unum,
2671 1745 2858 1826 ‚quod

517 1845 868 1924 attuliinuS‚
915 1845 1350 1930 fragmentum
1404 1846 1515 1909 sed
1573 1846 1705 1909 fere
1752 1847 1967 1910 omnia
2027 1852 2407 1931 argumento
2466 1871 2604 1913 esse
2669 1872 2861 1919 cona-

516 1952 730 2029 mini8‚
779 1952 1013 2023 nedum
1059 1951 1413 2027 conaminis
1473 1953 1706 2016 remoti
1766 1953 2113 2017 secundum
2167 1954 2328 2037 juris
2388 1953 2703 2020 Sullanici
2756 1979 2860 2021 re-

516 2059 703 2143 gulas
766 2080 900 2122 non
966 2057 1354 2142 generaliter
1416 2058 1672 2136 sanciti,
1740 2058 1967 2124 deinde
2032 2063 2097 2123 et
2156 2061 2505 2139 sententia,
2570 2085 2738 2146 quae
2780 2065 2862 2127 ab

517 2165 659 2228 aliis
705 2165 941 2228 artiore
989 2163 1262 2248 quadam
1309 2164 1601 2228 maleficii
1646 2165 1913 2228 notione
1950 2165 2245 2230 adhibita
2284 2168 2670 2250 proferatur,
2729 2192 2863 2234 non

519 2293 780 2356 prorsus
826 2270 1155 2347 satisfieri3
1222 2292 1380 2334 neve
1436 2270 1502 2333 id
1564 2271 1933 2335 omittamus
1997 2272 2264 2357 eandem
2310 2275 2726 2354 sententiam,
2789 2298 2866 2339 ac

519 2376 773 2462 qualem
819 2375 1190 2439 Hadrianus
1236 2376 1276 2439 1.
1328 2397 1379 2439 e.
1431 2378 1805 2461 proclamet,
1855 2379 2121 2441 mutatis
2168 2381 2614 2445 tantummodo
2649 2382 2865 2447 verbis

517 2485 598 2549 ab
622 2483 1083 2568 jurisconsulto
1115 2483 1396 2566 ejusdem
1427 2484 1589 2563 aevi,
1640 2506 1765 2567 quo
1800 2484 1963 2548 vixit
1993 2484 2416 2566 Callistratum,
2451 2510 2576 2572 quo
2610 2490 2865 2571 paullu-

515 2592 649 2656 lum
695 2590 906 2654 minor
953 2589 1149 2652 fuisse
1195 2590 1465 2668 videtur,
1515 2612 1598 2654 sc.
1649 2613 1689 2653 a
1732 2589 1979 2667 Paullo,
2031 2615 2069 2656 a
2115 2592 2252 2656 viro
2312 2595 2533 2657 tantae
2581 2596 2867 2659 auctori-

516 2698 674 2762 tatis
719 2697 993 2761 relatam
1039 2696 1180 2779 ipso
1229 2696 1306 2759 de
1351 2697 1664 2761 maleficio
1725 2697 1965 2760 dictam
2024 2698 2261 2762 artiore
2322 2700 2603 2782 quidem,
2669 2721 2868 2783 quem

513 2826 708 2887 supra
754 2803 1232 2887 adoptavimuS‚
1294 2824 1484 2866 sensu
1529 2803 1571 2867 1.
1625 2804 1707 2867 53
1756 2824 1849 2885 pr.
1901 2803 2092 2868 furtis
2154 2805 2283 2888 (47.
2334 2805 2431 2888 2);
2505 2807 2661 2890 quid
2716 2829 2865 2885 nos,

512 2911 752 2995 quippe
812 2913 1181 2974 aversantes
1235 2909 1706 2992 simplicissimo
1759 2910 1858 2974 uti
1923 2909 2209 2976 subsidio
2255 2911 2502 2976 scilicet
2561 2914 2869 2977 restricta

512 3017 738 3082 leviter
782 3016 1349 3106 interpretatione,
1400 3016 1558 3098 quid
1611 3038 1729 3080 nos
1787 3017 2125 3100 impediet,
2194 3018 2350 3101 quin
2406 3019 2868 3099 compilatores

513 3124 584 3186 in
631 3122 1187 3207 conglutinatione
1234 3122 1362 3187 ista
1406 3122 1815 3207 negligenter
1862 3146 1928 3187 se
1976 3125 2248 3209 gessisse
2280 3125 2743 3190 contendamus
2798 3131 2870 3191 et

513 3230 584 3293 in
629 3230 752 3294 hoc
814 3229 1024 3294 edicto
1087 3250 1342 3312 quoque
1403 3229 1749 3293 secundum
1804 3229 2150 3294 Paulinum
2208 3230 2367 3294 illud
2421 3231 2870 3315 fragmentum

514 3337 592 3401 de
637 3336 869 3400 delicto
917 3337 1172 3419 privato
1219 3334 1415 3400 fuisse
1461 3335 1818 3420 cogitatum
1865 3340 2263 3402 statuamus?
2312 3337 2693 3402 Praesertim
2740 3339 2870 3418 illi,

514 3444 626 3527 qui
685 3443 1050 3528 generalem
1108 3441 1213 3505 hic
1266 3442 1762 3525 pronuntiatam
1825 3464 1959 3507 esse
2018 3444 2308 3527 regulam
2358 3444 2523 3527 juris
2582 3443 2873 3523 Romani

513 3573 632 3635 pro
679 3552 852 3614 certo
900 3552 1180 3626 sumunt,
1229 3547 1700 3631 comPilatoreS‚
1743 3549 1849 3631 jus
1896 3548 2349 3613 Cornelianum
2406 3573 2480 3614 ac
2529 3551 2635 3633 jus
2682 3554 2872 3615 vete-

509 3679 652 3720 rum
698 3654 1211 3719 commenticium
1255 3654 1550 3718 inaudite
1599 3677 1752 3719 sane
1806 3655 2090 3720 breviter
2149 3659 2215 3719 et
2269 3656 2658 3720 inconcinne
2704 3657 2873 3721 stir-

511 3763 686 3846 pitus
752 3784 1043 3826 eversum
1113 3760 1342 3842 fuisse,
1412 3762 1607 3826 hocce
1688 3761 1898 3826 edicto
1969 3783 2285 3844 exponere
2355 3762 2871 3828 confitebuntur.

512 3869 695 3946 Quod
753 3890 908 3933 sane
968 3868 1175 3932 multo
1234 3868 1445 3933 minus
1507 3868 1951 3951 accipiendum
2013 3867 2270 3932 videtur
2287 3916 2303 3945 ‚
2376 3889 2568 3951 quam
2638 3871 2872 3948 studio

509 3975 835 4061 proverbii
879 3975 1052 4038 illius
1101 3996 1353 4059 quoque
1411 3974 1731 4039 referendi
1792 3978 2143 4039 commotos
2205 3995 2314 4038 eos
2362 3974 2654 4057 posuisse
2699 3976 2878 4041 illud

506 4083 635 4148 tali
670 4083 833 4163 1000,
884 4104 1011 4165 quo
1058 4103 1190 4145 non
1235 4103 1495 4164 prorsus
1543 4085 1695 4166 apte
1740 4084 1838 4145 est
1868 4080 2255 4165 ponendum,
2305 4080 2455 4164 quia
2485 4080 2615 4146 alio
2663 4105 2876 4148 sensu

509 4188 892 4253 maleficium
939 4187 1295 4252 adhibitum
1362 4188 1441 4251 ab
1502 4187 1837 4252 Hadriano
1897 4186 2154 4271 quidem
2214 4187 2486 4252 videtur.
2541 4224 2622 4233 —
2676 4188 2881 4265 Quod

512 4296 589 4360 ad
635 4295 973 4360 Paulinam
1019 4295 1198 4359 illam
1242 4294 1452 4380 legem
1497 4294 1815 4379 pertinet:
1870 4294 2023 4378 »qui
2053 4293 2327 4377 injuriae
2359 4307 2548 4356 causa
2587 4293 2882 4376 januam
