3052 4887
554 526 755 602 sibus,
806 525 900 588 ita
944 523 1286 587 inutilibus
1333 527 1697 606 susceptum
1745 523 2192 587 instrumentis
2225 523 2552 606 punivisse
2585 545 2885 606 nusquam

555 635 822 715 excepto
872 629 1193 694 veneficia

1537 733 1768 801 Cap.
1799 735 1920 785 11.

1188 821 1382 888 Jus
1462 819 2263 892 Germanicum.

1176 946 1177 951 ’
1439 945 1570 999 Jus
1615 942 2016 1014 antiquum.

1660 1053 1696 1136 ἓ
1746 1056 1803 1119 7.

733 1159 775 1223 J
779 1183 881 1223 am
911 1160 1398 1245 'progrediamur
1430 1160 1511 1222 ad
1543 1160 2072 1224 considerandum
2097 1162 2203 1243 jus
2236 1163 2692 1246 germanicum.
2781 1162 2894 1227 Jus

557 1267 994 1353 germanicum
1043 1288 1169 1330 non
1221 1266 1301 1329 ab
1349 1266 1740 1350 legislatore,
1798 1267 1909 1350 qui
1954 1267 2155 1331 libero
2210 1268 2411 1351 ipsius
2461 1269 2730 1333 arbitrio
2782 1269 2898 1333 hoc

554 1374 792 1437 illudve
840 1372 1229 1456 principium
1277 1373 1479 1455 pluris
1540 1374 1885 1437 aestimans
1935 1374 2063 1436 alia
2124 1375 2443 1458 principia
2490 1375 2650 1438 alias
2699 1376 2897 1439 ratio-

557 1502 672 1544 nes
719 1484 1111 1563 postponere
1157 1479 1509 1563 potuisset,
1571 1481 1942 1544 institutum
2005 1502 2138 1543 esse
2200 1503 2273 1544 ae
2332 1482 2758 1564 compositum
2802 1481 2898 1545 vi-

558 1587 765 1663 detur,
814 1585 924 1649 sed
969 1588 1068 1648 est
1113 1594 1338 1648 natum
1385 1586 1805 1670 genitumque
1853 1609 1930 1650 ex
1977 1588 2435 1651 consuetudine
2498 1610 2572 1652 ac
2619 1610 2898 1652 commu·-

556 1684 747 1757 nibus
807 1691 1094 1755 nationis
1152 1692 1513 1755 rationibus
1533 1741 1547 1769 ,
1608 1699 1673 1756 et
1734 1697 1959 1775 postea
2014 1694 2162 1776 jura
2223 1694 2482 1778 singula
2527 1695 2790 1759 collecta
2837 1698 2902 1759 et

556 1800 624 1862 in
671 1820 879 1862 unum*
915 1801 1140 1862 coacta
1185 1803 1355 1861 sunt.
1432 1798 1613 1872 Quod
1659 1799 1726 1861 in
1768 1800 1912 1882 jure
1957 1800 2324 1883 germanico
2371 1804 2587 1864 tamen
2636 1801 2902 1884 objecti-

560 1927 706 1969 vum
749 1905 1081 1969 invenitur
1126 1904 1541 1987 principium,
1591 1906 1904 1990 originem
1955 1906 2139 1970 duxit
2185 1927 2260 1969 ex
2306 1912 2538 1971 natura
2585 1912 2649 1971 et
2689 1908 2903 1971 indole

552 2013 723 2095 juris·
775 2011 1033 2095 privati,
1097 2011 1199 2074 cui
1256 2011 1336 2074 ab
1396 2011 1585 2074 initio
1653 2012 1869 2075 omnia
1930 2013 2245 2076 maleficia
2316 2014 2486 2096 apud
2554 1994 2906 2078 Germanos

559 2118 816 2182 subdita
861 2122 1051 2182 erant
1098 2138 1172 2180 ac
1218 2117 1575 2182 diutissime
1623 2117 2000 2196 manebant,
2062 2142 2255 2203 quom
2300 2121 2392 2194 is,
2444 2121 2555 2202 qui
2603 2121 2906 2184 damnum

557 2229 875 2303 senserat,
938 2225 1037 2288 vel
1095 2224 1291 2288 etiam
1360 2225 1494 2306 ejus
1565 2246 1723 2309 gens
1798 2225 2034 2288 offendi
2100 2247 2174 2288 ac
2238 2226 2469 2289 violari
2529 2231 2906 2309 putareturr,

557 2333 827 2415 ideoque
858 2331 1255 2414 weregiltum
1301 2331 1400 2394 vel
1448 2332 1831 2414 compositio
1863 2332 2067 2395 multa
2100 2336 2225 2409 est,
2278 2354 2469 2414 quam
2515 2333 2568 2395 is
2617 2335 2725 2417 qui
2776 2334 2911 2397 vim

557 2439 892 2518 intulerat,
941 2437 1135 2502 etiam
1182 2438 1249 2501 in
1298 2437 1714 2501 atrocissimis
1761 2438 2134 2502 criminibus
2182 2438 2377 2503 etiam
2420 2439 2488 2502 in
2536 2439 2909 2519 homicidio,

558 2547 624 2609 in
674 2567 940 2629 corpore
984 2546 1158 2608 laeso
1204 2544 1451 2608 solvere
1496 2545 1763 2608 solebat.
1799 2581 1887 2590 -—
1931 2544 2009 2608 In
2057 2568 2184 2610 uno
2231 2567 2381 2609 vero
2428 2546 2682 2625 scelere,
2734 2547 2916 2630 quod

557 2657 795 2716 natura
854 2651 1111 2734 quidem
1170 2673 1283 2714 sua
1344 2673 1477 2714 non
1537 2651 1825 2735 singulos
1845 2701 1859 2729 ‚
1918 2652 2027 2716 sed
2090 2652 2548 2735 rempublicam
2615 2653 2917 2733 offendit,

560 2759 822 2844 publica
867 2779 1075 2841 poena
1120 2757 1410 2841 irrogata
1457 2763 1557 2822 est
1604 2763 1671 2821 et
1716 2758 1821 2821 hic
1865 2757 1984 2821 tali
2031 2758 2239 2835 mode,
2285 2763 2365 2822 ut
2413 2759 2522 2842 qui
2570 2759 2702 2848 sint
2746 2760 2919 2823 fines

560 2868 732 2930 inter
771 2866 875 2949 jus
921 2864 1248 2948 privatum
1295 2886 1369 2928 ac
1428 2864 1787 2947 publicum,
1855 2864 1962 2927 vix
2020 2865 2300 2949 intelligi
2361 2866 2598 2948 possit:
2667 2864 2792 2940 Qui
2845 2866 2920 2930 in

560 2972 833 3035 salutem
884 2970 1273 3054 reipublicae
1330 2970 1674 3053 deliquerit
1735 2992 1808 3034 ac
1866 2971 2319 3054 perduellionis
2377 2973 2700 3056 arguitur,
2769 2973 2922 3055 ejus

561 3079 696 3142 vita
769 3077 959 3141 simul
1016 3099 1159 3142 cum
1232 3099 1300 3140 re
1356 3076 1662 3141 familiari
1723 3077 2042 3140 voluntati
2112 3078 2421 3161 principis
2489 3078 2719 3142 devota
2783 3084 2922 3157 est,

561 3184 747 3268 quasi
792 3185 929 3268 ejus
968 3184 1076 3266 jus
1123 3184 1447 3266 privatum
1492 3182 1720 3246 fuisset
1765 3183 2109 3247 violatum:
2160 3184 2421 3248 Tacitus
2470 3182 2678 3248 Germ.
2731 3206 2781 3248 c.
2831 3188 2923 3250 12

563 3292 666 3355 lex
695 3291 921 3374 Bajuv.
972 3291 1047 3354 ti.
1083 3292 1143 3368 2,
1192 3312 1245 3353 c.
1279 3291 1339 3355 2.
1389 3326 1477 3336 --—
1522 3289 1617 3354 Ut
1663 3312 1812 3354 vero
1836 3291 1974 3373 jam
2024 3314 2101 3355 ex
2151 3294 2382 3353 natura
2428 3311 2693 3372 poenae,
2745 3312 2930 3373 quae

559 3403 699 3462 tum
744 3397 1053 3480 temporis
1100 3396 1266 3460 sumi
1309 3396 1589 3475 solebat,
1652 3398 1953 3474 resultat,
2017 3397 2111 3461 ita
2157 3397 2389 3461 clarius
2446 3418 2520 3460 ac
2566 3396 2933 3461 dilucidius

561 3504 953 3588 principium
1000 3503 1385 3586 objectivum
1431 3504 1816 3587 perspicitur
1861 3503 1981 3567 hac
2027 3525 2124 3580 re,
2189 3502 2359 3587 quod
2426 3501 2730 3567 Germani
2774 3525 2934 3568 non

562 3610 1050 3695 distinguebant
1071 3609 1242 3673 inter
1266 3611 1600 3694 culposum
1618 3605 1683 3674 et
1706 3611 1995 3675 dolosum
2021 3609 2435 3674 homicidium
2455 3634 2469 3686 ;
2504 3609 2582 3673 cf.
2608 3609 2936 3694 inprimis

559 3718 770 3802 legem
817 3715 1196 3781 Saxonicam
1241 3717 1314 3780 ti.
1368 3719 1468 3793 12,
1521 3740 1572 3781 c.
1624 3720 1684 3795 5,
1732 3721 2181 3800 praeterquam
2230 3715 2400 3799 quod
2446 3717 2521 3795 is,
2571 3717 2681 3799 qui
2727 3716 2937 3781 dam-

564 3846 717 3888 num
778 3823 1056 3907 accepit,
1125 3823 1338 3887 faidae
1390 3824 1528 3907 jam
1589 3845 1811 3906 expers
1859 3824 2388 3907 compositionem
2435 3824 2723 3900 tantum,
2782 3846 2941 3907 qua

561 3931 693 3994 sibi·
731 3930 1096 4007 satisfieret,
1142 3929 1459 4007 habebat,
1509 3930 1681 4013 quod
1721 3951 1872 3993 vero
1928 3929 2271 4011 posteriori
2317 3928 2574 4011 quidem
2619 3932 2940 4013 tempore

564 4039 847 4114 demum,
898 4059 1096 4121 quum
1142 4041 1429 4120 potestas
1480 4036 1734 4118 publica
1782 4036 1982 4118 major
2027 4057 2100 4099 ac
2147 4035 2380 4100 fortior
2438 4033 2613 4099 facta
2657 4035 2940 4116 fuisset,

565 4144 851 4209 obtinere
907 4144 1174 4207 videtur.
1237 4179 1324 4188 —
1384 4142 1628 4217 Quibus
1677 4142 1970 4207 omnibus
2030 4142 2106 4205 de
2154 4140 2360 4205 causis
2408 4145 2943 4206 consentaneum

562 4272 681 4315 nec
739 4250 1099 4317 mirandum
1153 4249 1421 4327 videtur,
1472 4249 1643 4331 quod
1682 4249 1788 4332 jus
1846 4248 2285 4333 germanicum
2341 4270 2612 4331 poenam
2657 4269 2796 4311 nou
2862 4250 2945 4313 in

565 4356 963 4420 voluntatem
1015 4356 1212 4420 refert
1273 4377 1480 4438 neque
1537 4355 1679 4418 ideo
1739 4356 2104 4438 generalem
2150 4357 2418 4418 conatus
2462 4355 2801 4418 notionem
2868 4362 2948 4420 et
