3052 4887
1676 347 1758 408 16

1501 435 1734 443 mm
1747 437 1813 442 ----
1835 435 1924 444 ⁶——

541 557 669 619 qua
712 536 1008 600 maleficii
1050 537 1316 602 notione
1348 539 1539 604 ambo
1572 541 2018 624 cogitaverint,
2068 539 2435 605 Hadrianus
2468 546 2662 625 atque
2686 544 2889 627 juris-

539 642 888 707 consultus,
984 641 1278 707 Ceterum
1321 667 1359 708 a
1388 645 1591 727 priori
1625 647 2103 711 contendimus:
2154 648 2406 712 etiamsi
2444 649 2656 713 verbis
2692 671 2889 734 coge-

535 769 749 811 remur
814 748 891 811 de
950 749 1244 814 omnibus
1301 751 1673 816 criminibus
1732 752 1840 817 hic
1899 754 2210 837 scriptum
2222 751 2271 837 1)
2337 777 2471 819 esse
2531 777 2649 839 pro
2709 759 2887 820 certo

538 874 804 931 sumere,
852 877 985 918 non
1031 859 1248 919 tamen
1295 859 1656 942 generalem
1693 859 2042 923 attribuere
2074 860 2205 924 vim
2234 860 2454 925 huicce
2485 861 2629 926 loco
2661 884 2883 945 posse-

440 1000 443 1007 *
535 980 696 1037 111118,
747 982 940 1042 quum
986 962 1147 1026 satis
1193 984 1310 1045 pro
1361 968 1623 1048 experto
1657 965 1989 1044 habeatur,
2039 988 2495 1050 saepenumero
2545 967 2621 1032 de
2653 969 2887 1052 quibus

535 1064 683 1129 dam
748 1066 938 1130 rebus
1006 1090 1138 1133 non
1205 1069 1396 1134 modo
1467 1072 1548 1134 ab
1615 1071 2109 1155 imperatoribus
2179 1073 2712 1157 legumlatoribus
2770 1075 2884 1139 sed

534 1172 729 1235 etiam
775 1173 855 1236 ab
901 1172 1334 1241 Prudentibus
1378 1177 1737 1255 latioribus,
1788 1201 1980 1262 quam
2011 1179 2213 1257 decet,
2260 1179 2469 1244 verbis
2517 1180 2760 1245 disseri.
2794 1218 2885 1227 -

534 1275 834 1343 Maleficii
860 1280 1158 1364 primum
1203 1282 1259 1345 si
1306 1304 1563 1347 sensum
1626 1285 2004 1368 ampliorem
2061 1289 2421 1369 spectamus
2479 1290 2545 1351 et
2598 1287 2669 1352 in
2725 1308 2882 1352 con-

526 1382 864 1464 junctione
914 1409 989 1451 ea
1037 1389 1251 1471 posita
1299 1411 1433 1453 esse
1481 1391 1815 1469 sumimus,
1878 1414 2040 1475 quae
2095 1393 2219 1456 hoc
2270 1393 2413 1457 loco
2472 1393 2647 1458 dicta
2706 1399 2881 1473 sunt,

535 1510 676 1553 cum
723 1493 951 1556 ceteris
998 1493 1120 1557 hoc
1166 1495 1233 1558 in
1291 1496 1482 1560 titulo
1544 1498 1793 1582 legibus
1854 1499 2205 1582 excerptis,
2268 1500 2531 1571 minime
2589 1501 2884 1585 gentium

532 1595 601 1659 in
649 1599 1038 1663 sententiam
1085 1601 1352 1683 pedibus
1398 1603 1492 1667 ire
1540 1604 1691 1668 licet
1737 1605 2104 1683 multorum,
2157 1606 2268 1690 qui
2300 1607 2460 1670 alias
2510 1607 2588 1671 de
2632 1608 2881 1671 instru-

532 1704 768 1768 mentis
815 1704 983 1769 idem
1030 1729 1103 1770 ac
1149 1730 1267 1772 nos
1328 1730 1595 1794 arguere
1652 1710 1915 1776 student
1935 1760 1949 1789 ‚
2010 1712 2254 1795 quippe
2316 1713 2427 1796 qui
2481 1713 2590 1778 hic
2646 1714 2880 1777 distin-

532 1812 706 1872 ctum
751 1832 888 1874 esse
934 1813 1192 1891 volunt,
1256 1837 1410 1879 num
1455 1816 1654 1880 laesio
1701 1818 1951 1895 dolosa,
2014 1818 2112 1881 vel
2149 1814 2348 1902 ‘culpa
2392 1822 2648 1883 tantum
2694 1820 2879 1884 illata

530 1916 632 1980 vel
679 1938 796 1981 nec
843 1919 1208 1983 voluntaria
1253 1921 1359 1985 sit.
1455 1920 1560 1987 Sic
1622 1946 1883 2007 prorsus
1943 1925 2132 1988 nobis
2194 1927 2477 2009 vulgaris
2492 1923 2543 2012 ²)
2591 1931 2878 1990 exstaret

530 2023 870 2100 sententia,
922 2047 1084 2108 quae
1130 2027 1351 2091 forsan
1397 2029 1596 2106 illam,
1643 2051 1839 2112 quam
1885 2035 2129 2095 restare
2176 2031 2382 2096 adhuc
2431 2055 2507 2095 ex
2553 2033 2873 2115 objectivo

529 2128 848 2212 principio
881 2130 959 2196 cf.
986 2132 1030 2194 l.
1066 2133 1166 2211 16,
1201 2135 1236 2216 ἓ
1265 2135 1302 2197 8
1329 2135 1555 2218 poenis
1581 2138 1716 2217 (48.
1750 2138 1855 2218 19)
1887 2140 2172 2201 veterum
2204 2138 2315 2201 alii
2347 2138 2648 2216 dicerent,
2683 2139 2878 2223 plane

529 2235 927 2314 dissolveret,
976 2238 1250 2305 scilicet:
1301 2264 1378 2305 ex
1423 2234 1819 2326 temporibus
1851 2242 1931 2307 D.
1980 2243 2298 2307 Hadriani
2343 2267 2477 2308 non
2515 2246 2651 2328 jam
2698 2245 2873 2329 apud

527 2341 853 2406 Romanos
887 2345 1216 2428 culposam
1247 2348 1667 2412 violationem
1710 2349 1966 2414 dolosae
2014 2372 2147 2414 esse
2196 2351 2713 2434 aequiparatam3
2763 2352 2877 2416 sed

527 2455 581 2517 si
612 2449 801 2517 modo
834 2453 1004 2534 quod
1029 2454 1069 2516 1.
1106 2456 1183 2518 13
1210 2456 1339 2519 etl.
1373 2457 1452 2520 15
1487 2456 1838 2535 disseritur,
1873 2458 2093 2521 stricte
2125 2458 2753 2535 consideraverimuS‚
2789 2497 2869 2505 —

527 2589 722 2652 quom
775 2564 1105 2650 negligere
1164 2562 1340 2639 illas,
1404 2585 1729 2627 recurrere
1743 2560 1791 2644 ²)
1858 2563 1939 2626 ad
2004 2564 2391 2646 posteriores
2455 2564 2873 2629 inferioresve

524 2696 658 2738 non
701 2674 892 2737 liceat
937 2708 1024 2717 --
1071 2670 1411 2753 apparebit
1457 2669 1846 2733 horrendum
1892 2670 2067 2748 illud,
2116 2670 2186 2734 in
2236 2671 2533 2735 omnibus
2581 2672 2867 2736 crimini-

523 2780 642 2844 bus
689 2801 821 2843 non
864 2778 932 2841 id
979 2777 1107 2862 agi,
1157 2798 1312 2839 num
1359 2779 1800 2840 consummata
1861 2776 1946 2840 sit
2005 2776 2245 2859 injusta
2291 2778 2491 2856 acti0‚
2555 2779 2667 2842 sed
2714 2801 2867 2842 num

525 2888 668 2971 quis
714 2885 1074 2969 improbam
1121 2883 1518 2947 voluntatem
1567 2885 1911 2966 tantopere
1957 2882 2495 2963 manifestaverit,
2554 2888 2629 2948 ut
2674 2907 2866 2967 para-

525 2993 687 3056 verit
745 2992 1174 3055 instrumenta
1234 2990 1469 3073 (nocna
1528 2989 1797 3073 ideoque
1857 2989 2101 3053 habilia
2162 2989 2241 3054 ad
2297 2991 2866 3055 consummandum

525 3098 894 3184 flagitium).
977 3096 1139 3161 Tum
1187 3099 1456 3159 conatus
1502 3096 1892 3179 generaliter
1938 3100 2105 3159 esset
2150 3097 2516 3179 puniendus,
2557 3120 2690 3169 nec,
2723 3098 2868 3182 qui-

521 3207 663 3269 dem
730 3205 818 3281 is,
892 3203 1003 3288 qui
1061 3204 1139 3266 fit
1192 3202 1638 3266 instrumentis
1711 3224 1855 3266 eum
1922 3202 2259 3267 inutilibus
2324 3241 2405 3249 —
2473 3204 2624 3286 quia
2688 3205 2863 3267 mala

522 3310 836 3376 sacrificia
848 3308 899 3393 3)
934 3313 1100 3384 ⁸tunc
1147 3308 1455 3391 temporis
1501 3308 1745 3372 habilia
1790 3310 1872 3372 ad
1916 3310 2304 3389 necandum,
2363 3310 2445 3374 ad
2491 3310 2864 3374 violandum

522 3419 783 3483 omnino
832 3416 1265 3499 opinabantur
1314 3452 1426 3492 —-—‚
1477 3415 1589 3479 sed
1634 3418 1855 3478 tamen
1904 3420 2172 3481 conatus
2218 3420 2506 3481 remotus
2554 3438 2629 3481 ac
2674 3438 2864 3500 prae-

517 3524 772 3610 paratio
843 3523 1082 3588 delicti.
1199 3522 1524 3585 Adhibere
1591 3522 1762 3585 enim
1827 3544 2032 3586 nocua
2101 3523 2529 3588 instrumenta
2592 3524 2659 3606 (l.
2728 3523 2860 3606 13),

702 3771 740 3840 ¹)
780 3771 851 3828 cf.
887 3772 927 3826 l.
967 3771 1033 3825 14
1071 3770 1164 3825 cit.
1203 3787 1247 3823 0.
1285 3769 1323 3823 1.
1364 3770 1411 3836 1,
1449 3770 1480 3836 ξ
1525 3770 1558 3822 3
1597 3770 1710 3825 eod.
1747 3770 1812 3824 ti.
1851 3770 1919 3824 cf.
1958 3768 2150 3840 Cropp.
2189 3770 2226 3823 l.
2278 3787 2324 3828 0.
2376 3772 2443 3825 de
2492 3788 2671 3840 praec.
2716 3771 2863 3841 juris

518 3860 753 3917 Romani
790 3861 934 3916 circa
970 3859 1305 3930 puniendum
1345 3861 1599 3914 conatum
1648 3859 2004 3928 delinquendi
2051 3878 2105 3929 p.
2150 3860 2236 3916 36.
2275 3858 2344 3916 cf.
2383 3876 2522 3929 quae
2558 3860 2864 3931 diligenter

517 3950 741 4021 exponit
777 3949 935 4016 Rein,
974 3948 1236 4003 crim-R.
1275 3968 1328 4019 p.
1371 3949 1488 4004 128.
2613 3957 2618 3962 ’

695 4036 734 4105 ²)
774 4039 840 4093 cf.
879 4038 1045 4093 ‘Sa-nio
1083 4038 1154 4093 ad
1189 4038 1371 4107 legem
1409 4036 1715 4091 Corneliam
1751 4054 1805 4107 p.
1845 4038 1929 4091 99.
1967 4036 2094 4091 Not.
2135 4037 2217 4090 5f.
2257 4037 2412 4107 cujus
2437 4036 2497 4091 in
2522 4038 2860 4104 sententiam

515 4127 792 4184 descendit
828 4126 1014 4181 Luden
1050 4143 1294 4196 quoque,
1346 4125 1447 4195 ,qui
1495 4126 1705 4180 confert
1755 4127 1903 4180 hunc
1951 4126 2133 4181 locum
2180 4144 2304 4180 cum
2349 4126 2388 4179 l.
2426 4126 2494 4180 53
2530 4144 2612 4195 pr.
2652 4127 2759 4192 (47.
2801 4127 2860 4196 2)

514 4218 604 4273 cui
640 4218 866 4271 eandem
902 4214 1364 4286 significationem
1409 4215 1637 4270 minime
1677 4215 1803 4284 jure
1855 4215 2160 4270 attribuere
2206 4214 2435 4270 videtur.
2491 4214 2534 4268 I.
2573 4233 2627 4286 p.
2667 4216 2736 4268 25
2772 4234 2859 4286 sq.

510 4306 957 4376 Abhandlungen
994 4321 1090 4359 aus
1127 4306 1250 4360 dem
1288 4304 1626 4360 Strafrecht„

657 4394 678 4424 ⁸
715 4395 732 4464 )
771 4394 808 4449 l.
850 4396 933 4448 13.
972 4395 1026 4448 h.
1063 4393 1100 4447 l.
