3052 4887
1336 335 1409 396 11

209 527 549 592 Waechter
563 525 610 610 1)
657 528 1110 592 dissertatione
1144 528 1532 611 explanavit,
1581 527 1693 611 qui
1725 527 1906 590 illum
1937 526 2166 605 locum,
2201 527 2410 610 qualis
2436 526 2540 604 sit,

202 656 329 699 non
374 657 560 718 posse
607 633 688 698 ad
736 635 1121 698 decemviros
1167 635 1392 698 referri
1439 635 1839 698 demonstrat
1852 631 1946 716 ²).

376 740 556 805 Haec
603 741 836 817 omnia,
887 762 1051 823 quae
1099 741 1451 818 attulimuS,
1502 742 1670 804 clare
1719 742 1967 818 docent,
2018 740 2087 804 in
2132 739 2260 803 XII
2304 739 2543 803 tabulis

204 847 587 930 objectivam
642 850 900 911 tantum
951 847 1116 930 juris
1183 847 1601 911 violationem
1662 847 1855 911 fuisse
1915 846 2209 929 punitam
2265 846 2535 928 ideoque

201 954 422 1038 negari
468 976 655 1036 posse
674 1003 688 1031 ,
746 954 970 1038 negari
1017 954 1274 1030 debere,
1337 954 1738 1018 voluntatem
1794 954 1999 1018 solam
2058 954 2128 1017 in
2178 952 2544 1036 judicandis

203 1060 570 1125 criminibus
617 1060 969 1143 respexisse
1032 1081 1106 1123 ac
1159 1063 1461 1124 conatum
1519 1060 1906 1144 generaliter
1965 1081 2174 1143 poena
2238 1059 2539 1123 sanxisse.

199 1165 422 1250 Neque
471 1167 639 1250 quod
687 1188 881 1249 supra
926 1167 1265 1231 habuimus
1313 1170 1670 1250 repertum,
1722 1169 2022 1231 conatum
2068 1165 2540 1230 interfectionis

199 1275 575 1355 proximum,
626 1277 927 1337 conatum
976 1273 1205 1337 deinde
1252 1273 1553 1337 carminis
1613 1273 1877 1352 famosi,
1942 1272 2427 1355 interpretando
2474 1272 2545 1336 in

200 1381 357 1444 alios
407 1402 591 1444 casus
635 1380 790 1444 licet
836 1380 1196 1445 extendere.

380 1485 554 1561 Quae
603 1487 658 1550 si
705 1487 954 1565 omnia,
1017 1508 1180 1569 quae
1240 1487 1316 1550 de
1381 1485 1509 1550 XII
1568 1486 1808 1551 tabulis
1868 1484 2301 1567 exposuimUS,
2366 1507 2540 1549 com-

198 1594 555 1676 plectimur,
598 1593 987 1658 decemviros
1018 1593 1088 1655 in
1129 1593 1374 1656 duobus
1408 1592 1666 1675 quidem
1699 1593 1948 1656 casibus
1980 1594 2300 1668 conatum,
2349 1612 2543 1673 quom

200 1721 339 1764 vere
387 1700 689 1763 damnum
738 1699 911 1784 quod
955 1699 1153 1763 fuerit
1197 1699 1450 1764 illatum
1472 1749 1486 1777 ,
1545 1720 1661 1761 nec
1707 1701 1925 1762 tamen
1971 1720 2134 1775 eum,
2184 1698 2294 1778 qui
2340 1696 2542 1761 inter-

197 1805 545 1870 fectionem
603 1805 941 1870 inutilibus
1006 1805 1452 1870 instrumentis
1516 1805 1618 1868 vel
1677 1803 2130 1868 contumeliam
2194 1824 2380 1866 ausus
2435 1802 2539 1880 sit,

195 1911 756 1996 animadvertisse3
807 1912 978 1994 quod
1024 1911 1104 1975 ad
1151 1912 1279 1975 alia
1321 1933 1471 1976 vero
1520 1911 1789 1975 crimina
1834 1911 2135 1993 pertinet,
2182 1930 2301 1972 nec
2347 1931 2540 1973 cona-

193 2021 333 2082 tum
397 2019 678 2094 omnino,
745 2040 862 2083 nec
909 2022 1243 2096 conatum,
1312 2019 1422 2101 qui
1481 2019 1598 2082 fiat
1670 2017 2025 2080 imutilibus
2087 2015 2541 2080 instrumentis

195 2126 530 2189 damnasse
578 2125 1039 2189 contendimus
1136 2125 1312 2208 Ergo
1369 2128 1638 2189 conatus
1695 2123 2037 2188 inutilibus
2095 2121 2540 2185 instrumentis

194 2236 528 2315 susceptus
576 2231 966 2315 generaliter
1010 2231 1289 2314 impunis
1350 2253 1488 2295 esse
1536 2230 1882 2294 secundum
1926 2231 2135 2314 legem
2180 2227 2306 2292 XII
2351 2229 2540 2291 tabu-

195 2339 404 2402 larum
450 2338 723 2403 videtur.
772 2374 860 2383 —-
906 2336 1081 2412 Quae
1127 2342 1351 2422 postea
1397 2340 1571 2403 latae
1618 2342 1768 2402 sunt
1828 2337 2033 2421 leges:
2094 2337 2200 2399 lex
2259 2334 2536 2400 Gabinia

195 2445 577 2528 majestatiS,
626 2446 728 2509 lex
776 2443 1066 2509 Poetelia
1114 2446 1409 2522 ambituS,
1460 2446 1562 2510 lex
1607 2445 1849 2509 Baebia
1881 2443 2157 2508 Aemilia
2204 2464 2345 2507 cum
2386 2441 2541 2506 Cor-

195 2553 372 2617 nelia
419 2552 667 2629 Fulvia,
735 2556 982 2616 ceterae
1049 2553 1233 2630 nihil,
1301 2553 1471 2636 quod
1534 2552 1639 2616 hic
1707 2554 1932 2616 nostra
1994 2550 2279 2628 intersit,
2350 2548 2539 2612 nobis
2579 2583 2582 2592 ω

191 2659 512 2741 praebent
556 2681 674 2723 nec
720 2660 925 2743 magis
973 2659 1075 2723 lex
1121 2660 1466 2742 Calpurnia
1511 2659 2033 2742 repetundarum.

1141 2886 1179 2941 J
1180 2901 1249 2940 us
1285 2884 1599 2941 recentius.

1297 3048 1332 3130 g
1383 3051 1440 3113 3.

364 3193 468 3257 Eo
534 3191 787 3255 demum
850 3195 1169 3274 tempore,
1236 3190 1492 3274 quando
1559 3189 1737 3254 Sulla
1802 3189 2081 3254 dictator
2149 3188 2538 3271 reipublicae

182 3302 507 3382 praeerat,
544 3320 761 3362 recens
793 3297 968 3361 facta
1000 3301 1098 3361 est
1121 3297 1442 3381 generalis
1472 3297 1815 3381 legislatio,
1861 3318 2025 3379 quae
2057 3295 2473 3360 fundamento
2486 3293 2538 3377 ³)

185 3406 383 3470 simul
432 3408 535 3469 est
574 3405 708 3487 juri
754 3404 923 3487 apud
968 3404 1295 3468 Romanos
1343 3404 1681 3480 criminali,
1732 3425 1927 3487 quom
1974 3426 2140 3487 quae
2186 3406 2540 3488 sequuntur

178 3514 380 3595 leges,
433 3511 711 3576 Senatus
760 3511 1074 3587 consulta,
1127 3510 1636 3575 Constitutiones
1682 3511 1753 3573 in
1796 3510 1878 3573 iis
1908 3510 2221 3574 nitantur.
2303 3510 2537 3574 Vetus-

179 3620 423 3684 tissimi
474 3617 616 3682 aevi
662 3617 811 3682 illae
858 3617 1060 3709 leges:
1118 3618 1222 3682 lex
1276 3616 1402 3681 XII
1459 3618 1824 3682 tabularum
1868 3640 2153 3701 quasque
2199 3615 2535 3682 citavimus

366 3849 405 3915 ¹)
454 3847 767 3913 Waechter,
807 3848 873 3901 de
911 3846 1138 3901 crimine
1174 3846 1416 3901 incendii
1451 3865 1633 3917 progr.
1676 3847 1813 3901 1833
1851 3866 1903 3916 p.
1944 3847 2012 3900 22
2048 3866 2127 3916 sq.

362 3936 403 4004 ²)
445 3937 575 3990 Non
612 3953 714 4005 ego
751 3953 892 4006 quae
928 3935 1087 4001 Rein,
1125 3935 1382 3992 crim-R.
1420 3937 1515 3990 der
1554 3936 1756 3990 Romer
1804 3955 1858 4005 p.
1899 3937 2109 3990 59—60
2146 3937 2214 3990 de
2251 3936 2536 3991 duodecim

172 4027 392 4083 tabulis
433 4024 722 4080 contendit
759 4024 1012 4094 inprimis
1046 4026 1114 4079 de
1151 4024 1403 4096 incendio
1439 4025 1704 4079 disserens
1722 4067 1734 4090 ,
1771 4025 1995 4079 omnino
2032 4042 2248 4094 possum
2285 4026 2533 4095 probare,

172 4115 437 4187 quamvis
479 4131 606 4168 cum
645 4114 833 4167 eodem
870 4129 1086 4182 prorsus
1125 4113 1463 4167 consentiam
1514 4115 1582 4167 de
1618 4114 1950 4167 obscuritate
1989 4113 2131 4183 juris
2169 4113 2541 4183 antiquissimi

171 4225 227 4276 p.
266 4207 342 4259 30
382 4223 467 4272 sq.
508 4222 565 4272 p.
601 4204 667 4255 45
707 4220 786 4270 sq.
826 4202 895 4255 cf.
933 4203 1197 4267 eundem,
1243 4201 1340 4271 qui
1376 4203 1648 4256 deterrere
1693 4202 1911 4272 legibus
1962 4203 2290 4257 decemviros
2326 4203 2465 4256 velle
2501 4221 2537 4257 a

171 4294 515 4349 criminibus
553 4290 770 4345 videtur
804 4309 857 4359 p.
896 4290 981 4343 82.
1021 4292 1310 4344 admodum
1350 4293 1472 4359 post
1508 4290 1737 4359 posuise.
1777 4309 1830 4360 p.
1869 4292 1952 4346 85.

361 4381 405 4448 ⁸)
446 4380 523 4434 cf.
559 4378 718 4444 Rein,
755 4378 1125 4433 Crim.-Recht
1161 4397 1215 4448 p.
1253 4380 1322 4433 66
1359 4397 1437 4448 sq.
