3052 4887
1606 315 1690 377 30

1450 405 1872 414 ffl———Q

495 504 728 588 (48‚.8)
777 505 859 569 ad
888 507 1013 590 leg.
1064 506 1250 571 Corn.
1286 507 1396 572 sic.
1430 508 1469 570 1.
1510 509 1567 583 1,
1616 506 1652 589 ἓ
1686 507 1773 589 3),
1823 507 2189 573 Marcianus
2222 509 2630 592 rescripsisse
2653 509 2832 573 illum

490 612 710 678 refert.
803 611 907 676 Sic
964 614 1033 676 in
1092 633 1328 697 magno
1389 613 1729 678 criminum
1782 635 2068 692 numeru,
2129 618 2202 678 ut
2248 616 2436 680 utilia
2481 619 2546 678 et
2597 615 2838 679 habilia

493 718 927 785 instrumenta
971 719 1135 796 sint,
1199 723 1609 802 praeceptum
1667 720 1951 797 videtur,
2015 721 2317 785 adversus
2378 721 2547 804 quod
2607 721 2837 785 decisio

494 826 638 902 illa,
689 847 883 908 quam
927 825 1284 891 invenimus
1331 825 1402 889 in
1447 826 1653 890 altero
1693 827 1863 910 ‘legis
1898 825 2227 891 Corneliae
2275 826 2547 892 articulo
2581 831 2834 891 contra-

495 933 682 1008 riam,
733 931 1172 1015 exceptionem
1218 935 1477 995 tantum
1520 933 1773 997 statuit.
1870 931 2039 996 Nam
2085 935 2194 1016 qui
2239 933 2521 1006 hominis
2567 934 2835 997 necandi

498 1060 686 1102 causa
731 1060 1003 1101 veneno¹
1039 1038 1363 1114 utebatur,
1421 1038 1480 1101 ei
1536 1060 1745 1122 poena
1799 1039 1961 1122 legis
2018 1039 2352 1104 Corneliae
2407 1039 2483 1103 de
2540 1039 2834 1104 veneficis

494 1144 772 1228 irrogari
819 1143 1028 1207 debet.
1101 1143 1436 1207 Venenum
1481 1145 1832 1208 secundum
1875 1145 1917 1208 1.
1956 1146 2083 1209 236
2118 1143 2223 1209 VS
2256 1145 2453 1228 Grajus
2501 1145 2583 1209 ad
2627 1146 2833 1230 legem

496 1250 622 1314 XII
653 1250 1049 1326 tabularum,
1097 1249 1288 1314 sicuti
1335 1271 1563 1334 graece
1611 1245 1950 1334 φάρμακον,
2000 1273 2234 1315 nomen
2267 1255 2365 1314 est
2395 1251 2677 1315 medium
2721 1250 2872 1316 nec*

498 1356 924 1440 periculosum
984 1356 1191 1421 solum
1249 1356 1313 1418 id
1377 1377 1510 1420 esse
1573 1378 1732 1439 opus
1794 1361 1910 1421 est.
2018 1355 2355 1441 Significat
2410 1358 2581 1421 enim
2627 1380 2833 1435 omne,

495 1463 669 1547 quod
715 1462 1075 1526 adhibitum
1121 1465 1420 1526 naturam
1450 1463 1613 1546 ejuS,
1662 1463 1764 1526 cui
1796 1463 2153 1528 adhibitum
2185 1467 2342 1542 erat,
2389 1467 2616 1541 mutat,
2667 1487 2838 1529 com-

498 1569 842 1653 prehendit
887 1569 1092 1653 igitur
1138 1589 1454 1632 venenum
1500 1569 1732 1632 malum
1783 1569 1893 1652 (ad
1924 1569 2338 1633 occidendum
2368 1570 2691 1653 paratum)
2738 1571 2839 1635 vel

497 1676 1031 1741 medicamentum
1052 1674 1289 1739 malum
1316 1674 1710 1758 (Marcianus
1738 1676 1871 1757 [48‚
1900 1674 1967 1757 8]
1995 1676 2135 1760 lege
2162 1675 2347 1740 Corn.
2382 1676 2489 1740 sic.
2526 1677 2566 1741 l.
2596 1679 2657 1756 3,
2684 1677 2719 1760 ἓ
2752 1679 2834 1761 l),

497 1788 563 1847 et
621 1804 935 1847 venenum
997 1783 1235 1846 bonum
1295 1781 1395 1845 vel
1455 1781 1991 1846 medicamentum
2045 1782 2113 1845 in
2171 1804 2364 1846 sensu
2431 1782 2657 1847 stricto
2732 1784 2837 1869 (ad

498 1889 853 1954 sanandum
912 1887 1236 1972 paratum)
1292 1887 1334 1950 l.
1385 1889 1514 1951 236
1578 1886 1701 1967 Vs,
1750 1888 1860 1951 sed
1906 1889 2103 1952 etiarn
2148 1888 2327 1967 illud,
2378 1889 2549 1972 quod
2595 1893 2840 1954 amato-

495 1997 662 2061 r-ium
710 1995 1092 2078 appellatur,
1140 1994 1308 2078 quod
1352 1994 1763 2058 lustramenti
1809 2016 1999 2059 causa
2046 1994 2251 2059 datur.
2300 2032 2389 2040 —
2432 1994 2580 2059 Nec
2602 1994 2838 2059 Roma·-

496 2125 614 2166 nos
660 2103 836 2185 ipsos
883 2101 1125 2183 triplici
1171 2100 1294 2165 hac
1341 2101 1753 2165 distinctione
1784 2104 2072 2178 utenteS,
2124 2101 2277 2184 quid
2307 2100 2629 2185 significet
2661 2123 2839 2166 ama-

497 2209 764 2285 torium,
820 2207 1036 2271 sciisse
1084 2209 1240 2291 puto
1289 2206 1367 2271 cf.
1415 2207 1457 2271 l.
1509 2208 1569 2284 3,
1632 2207 1667 2289 ἓ
1714 2209 1773 2271 2.
1836 2207 1877 2270 1.
1929 2229 1981 2271 0.
2038 2243 2125 2252 ——-
2183 2206 2450 2272 Iccirco'
2483 2208 2537 2271 si
2582 2208 2651 2270 in
2697 2208 2842 2292 1838

503 2314 800 2380 Cornelia
865 2334 1230 2376 »venenum
1278 2313 1620 2389 conficere,
1682 2313 1918 2390 facere,
1967 2313 2270 2391 vendere,
2320 2314 2582 2391 habere,
2632 2314 2782 2378 dare
2805 2339 2836 2373 «

500 2421 805 2499 sancitur,
856 2419 1091 2485 omissa
1137 2419 1524 2503 adjectione,
1588 2441 1779 2504 quam
1838 2419 2267 2484 necessariam
2312 2442 2447 2485 esse
2496 2419 2695 2505 Gajus
2744 2421 2847 2484 di-

501 2529 620 2594 cit:
668 2529 1167 2592 instrumentum
1210 2527 1335 2590 hoc
1378 2549 1526 2590 casu
1569 2527 1796 2591 inutile
1829 2526 2148 2610 quoddam
2182 2527 2542 2594 adhibitum
2572 2527 2846 2611 ideoque

500 2637 773 2700 conatus
814 2634 1033 2700 inutili
1080 2656 1327 2697 veneno
1382 2654 1592 2716 poena
1646 2633 1809 2717 legis
1859 2632 2220 2711 Corneliae,
2284 2633 2475 2710 sicuti
2527 2634 2669 2717 lege
2714 2632 2849 2724 ΧΠ

500 2742 868 2807 tabularum
926 2740 1491 2806 animadvertitur:
1554 2738 1779 2823 Neque
1834 2740 1956 2803 hoc
2012 2760 2252 2824 negare
2310 2761 2429 2804 nos
2488 2761 2849 2823 possumne,

501 2869 662 2931 quae
709 2850 808 2911 est
853 2846 1105 2910 curiosa
1153 2868 1226 2909 ac
1271 2845 1546 2929 diligens
1591 2847 1659 2908 in
1706 2845 1829 2909 hac
1873 2846 2015 2930 1838
2061 2846 2365 2929 loquendi
2409 2846 2610 2912 ratio:
2682 2848 2852 2911 »hoc

501 2954 708 3018 solum
752 2956 1019 3048 notatur
1063 2952 1132 3015 in
1179 2974 1254 3015 ea
1297 2952 1465 3037 lege,
1514 2953 1687 3035 quod
1715 2952 1993 3026 hominis
2038 2952 2311 3016 necandi
2341 2974 2533 3017 causa
2577 2953 2844 3018 habet«

502 3060 544 3125 1.
595 3061 656 3137 3,
706 3060 742 3142 ἓ
791 3061 829 3123 2
877 3059 985 3123 cit.
1079 3056 1221 3122 Hoc
1280 3080 1426 3123 vere
1473 3062 1602 3136 est,
1666 3059 1837 3142 quod
1881 3058 2148 3122 Paullus
2192 3058 2413 3141 paullo
2460 3058 2662 3123 infra:
2721 3060 2853 3123 »in

499 3166 642 3251 1838
702 3164 998 3230 Cornelia
1055 3164 1238 3228 dolus
1293 3186 1409 3248 pro
1463 3164 1637 3229 facto
1699 3164 2037 3247 accipitur!
2118 3201 2197 3211 -—
2258 3163 2431 3239 Quae
2489 3188 2639 3230 vero
2702 3166 2854 3249 quis

502 3272 701 3338 habet
764 3272 1042 3355 cujusrei
1097 3293 1355 3349 causae,
1413 3292 1546 3334 non
1606 3273 1867 3354 oportet
1920 3293 1995 3334 ea
2052 3292 2189 3335 8888
2247 3270 2444 3336 etiam
2500 3271 2691 3336 utilia
2761 3274 2856 3337 ob

504 3378 768 3443 eandem
838 3382 1125 3443 causam!
1253 3376 1330 3440 In
1397 3376 1519 3442 hac
1582 3377 1783 3461 igitur
1847 3377 2020 3461 lege,
2094 3399 2176 3440 ne
2245 3376 2461 3441 dolose
2530 3399 2859 3443 venenum

500 3507 871 3571 quanquam
916 3483 1280 3568 putativum
1325 3483 1770 3547 tantummodo
1819 3482 2224 3560 adhibeatur3
2273 3483 2499 3547 deinde
2542 3484 2612 3547 in
2645 3483 2856 3549 Sena-

503 3591 902 3657 tusconsulto
921 3640 936 3668 ,
986 3613 1111 3675 quo
1156 3590 1255 3653 illi
1301 3590 1681 3675 adrogatur,
1729 3590 1975 3654 minore
2009 3590 2266 3674 quidem
2307 3612 2515 3673 poena
2563 3593 2855 3671 cavetur,

502 3722 584 3764 ne
624 3700 816 3783 ‚culpa
861 3701 1118 3763 tantum
1163 3697 1698 3760 medicamentum
1744 3698 1824 3761 ad
1881 3696 2365 3780 conceptionem
2419 3696 2858 3779 periculosum

505 3806 918 3883 adhibeatur3
967 3804 1123 3887 quin
1156 3804 1354 3869 etiam
1397 3804 1474 3880 18,
1524 3803 1635 3886 qui
1677 3803 1883 3886 culpa,
1935 3802 2068 3885 (48,
2105 3802 2213 3885 19)
2247 3802 2471 3886 poenis
2515 3802 2556 3866 l.
2593 3805 2698 3880 38,
2732 3802 2767 3884 ἓ
2810 3807 2856 3869 5

504 3913 785 3992 Paullus,
834 3910 1192 3996 abortionis
1239 3932 1349 3974 seu
1397 3909 1777 3974 amatorium
1825 3909 2124 3993 poculum
2182 3908 2391 3973 dando
2453 3908 2695 3973 nemini
2741 3913 2861 3973 ta-

503 4041 653 4083 men
699 4018 1007 4095 nocuerit,
1056 4016 1452 4100 relegatione
1501 4015 1797 4101 punitur!
1876 4014 2049 4091 Quae
2096 4014 2462 4099 conjunctio
2507 4051 2598 4060 —
2642 4015 2864 4080 simil-

505 4126 722 4189 limam
768 4124 963 4209 paula
1007 4123 1179 4188 infra
1223 4122 1599 4187 habebimus
1644 4159 1733 4167 —
1776 4143 1905 4185 una
1951 4122 2020 4184 in
2064 4122 2207 4206 lege
2254 4143 2516 4208 casuum
2546 4121 2862 4187 diversis-

505 4232 812 4297 simorum
886 4231 1019 4295 fere
1095 4252 1296 4312 aeque
1367 4229 1862 4313 puniendorum,
1925 4229 2082 4292 satis
2138 4249 2454 4311 superque
2497 4232 2861 4309 monstrat,

506 4343 906 4423 quantopere
972 4337 1353 4422 praecaveat
1411 4337 1585 4400 vitae
1641 4336 1888 4400 cunctis
1947 4334 2177 4421 opibus
2232 4334 2332 4398 lex
2396 4356 2655 4417 operam
2719 4334 2867 4415 det,
