3052 4887
1607 297 1690 362 36

480 519 608 580 quo
638 500 862 559 nostro
894 498 1183 576 tempore
1229 515 1303 556 ea
1335 493 1700 576 accipimus,
1748 492 1791 556 i.
1827 514 1880 555 e.
1912 492 2210 575 opposita
2238 491 2477 557 verbis:
2536 491 2821 555 »dienst-

478 602 610 667 lich
655 601 858 664 sind«
957 598 1082 665 'Sed
1126 599 1391 662 verbum
1443 604 1749 683 »m‘ogen«
1803 598 2267 681 antiquissimis
2308 598 2710 680 temporibus
2758 601 2824 662 et

482 708 777 790 inprimis
823 711 1113 790 tempore
1158 704 1325 783 000,
1375 709 1449 769 ut
1494 705 1652 768 satis
1698 727 1846 768 usus
1892 705 2199 769 sermonis
2244 705 2314 767 in
2359 704 2581 767 bibliis
2615 703 2823 768 Sacris

485 813 787 890 ostendit,
838 812 967 876 alia
1013 813 1280 876 notione
1326 811 1531 894 accipi
1576 812 1767 889 solet;
1817 811 2141 896 significat
2172 811 2345 875 enim
2394 807 2817 892 »konnen¹).‹<

483 919 813 985 Hocmodo
866 919 1120 983 hercule
1179 918 1249 980 in
1308 921 1546 983 conatu
1590 917 1840 982 facinus
1899 921 2265 1001 susceptum
2317 917 2703 1000 objectivam
2761 920 2825 980 et

483 1026 719 1090 realem
775 1025 1035 1088 effectus
1091 1046 1346 1088 causam
1404 1045 1542 1088 esse
1602 1046 1789 1106 posse
1849 1023 2094 1089 dictum
2152 1028 2268 1088 est.
2373 1021 2557 1097 Quod
2610 1044 2825 1109 veram

483 1155 620 1197 esse
667 1132 843 1197 vocis
887 1130 1445 1215 significationem,
1493 1130 1881 1213 perspicitur
1926 1151 2004 1192 ex
2049 1130 2341 1195 versione
2389 1129 2647 1193 articuli
2693 1127 2824 1192 Go-

485 1237 744 1319 bleri2):
813 1237 906 1301 »si
966 1237 1108 1318 quis
1167 1236 1551 1300 maleficium
1611 1236 2070 1319 apparentibus
2133 1235 2325 1299 factis
2389 1235 2470 1298 ad
2532 1235 2826 1298 effectum

486 1367 597 1408 seu
670 1342 1160 1427 completionem
1219 1343 1516 1406 maleficii
1588 1342 2091 1406 conducentibus
2162 1342 2484 1420 molitur,<‹
2561 1342 2701 1425 qui,
2771 1342 2825 1405 si

487 1452 771 1515 verbum>
801 1456 1109 1534 »mogen«
1162 1471 1236 1514 eo
1285 1470 1494 1526 sensu,
1547 1471 1734 1532 quem
1764 1446 2114 1513 Waechter
2146 1448 2429 1532 intelligi
2474 1448 2632 1525 vult,
2682 1469 2826 1530 per—

486 1557 780 1640 cepisset,
829 1560 1001 1619 certe
1041 1577 1176 1618 non
1203 1577 1353 1618 usus
1400 1559 1568 1619 esset
1599 1555 1943 1638 participio
1999 1553 2602 1630 »conducentibus,<‹
2657 1553 2827 1636 quod

488 1663 783 1727 videlieet
829 1661 1164 1725 indicativi
1218 1665 1477 1724 tantum
1532 1661 1672 1725 loco
1732 1683 1866 1724 esse
1912 1664 2154 1744 potest3
2214 1682 2331 1723 nec
2390 1660 2655 1724 dubium
2708 1664 2825 1735 est,

491 1769 664 1853 quod
694 1767 1129 1832 Pfotenhauer
1174 1767 1296 1831 hoc
1341 1767 1510 1831 loco:
1567 1767 1723 1830 »auf
1762 1767 1863 1830 die
1895 1766 2304 1850 Vollendung
2352 1766 2460 1831 des
2497 1765 2828 1830 beabsich-

490 1877 703 1959 tigten
748 1873 1190 1938 Verbrechens
1239 1871 1621 1957 (gerichtete
1667 1873 1843 1956 oder)
1891 1872 2320 1937 hinfiihrende
2351 1873 2823 1957 Handlungen«

491 1984 744 2045 vertens
779 1979 1109 2063 quodlibet
1140 2001 1468 2056 conamen,
1519 1979 1714 2043 etiam
1762 2001 2070 2043 conamen
2101 1979 2440 2043 inutilibus
2470 1979 2832 2044 rationibus

491 2091 859 2170 susceptum
907 2085 1134 2150 deinde
1180 2086 1248 2148 in
1281 2086 1602 2169 objectum
1649 2085 1822 2149 haud
1866 2086 2168 2150 idoneum
2199 2075 2520 2169 suscepta
2541 2085 2833 2151 facinora

491 2216 676 2276 posse
722 2193 843 2256 hac
886 2192 1177 2257 versione
1224 2192 1543 2256 contineri
1588 2192 1762 2270 dicit,
1810 2191 2112 2256 facillime
2158 2192 2476 2276 redargui.
2525 2230 2614 2238 —
2660 2191 2834 2267 Quae

491 2299 703 2363 verbis
755 2298 1180 2363 »scheinliche
1226 2298 1474 2362 werke«
1530 2298 1827 2381 apposita
1873 2302 2044 2377 sunt,
2092 2298 2266 2362 haud
2311 2321 2568 2382 prorsus
2613 2321 2836 2385 super-

492 2405 620 2470 flua
666 2409 818 2470 sunt
862 2427 980 2471 nec
1025 2404 1373 2470 desiderari
1411 2405 1666 2488 quidem
1712 2409 2004 2489 possunt,
2050 2427 2170 2470 nec
2200 2406 2596 2472 solummodo
2644 2407 2837 2471 attri-

494 2514 740 2589 butum,
791 2513 960 2597 quod
991 2511 1213 2576 dicunt
1258 2534 1494 2577 ornans
1526 2515 1624 2575 est
1670 2511 1780 2576 sed
1825 2512 1947 2576 hac
1993 2535 2146 2577 voce
2189 2513 2359 2577 haud
2393 2513 2582 2577 dubie
2613 2518 2841 2597 postu-

493 2620 693 2697 latur,
755 2624 829 2683 ut
883 2641 958 2683 ea
1003 2622 1262 2682 tantum
1307 2619 1626 2696 facinora,
1685 2641 1847 2703 quae
1904 2641 1981 2683 ex
2043 2642 2158 2683 sua
2203 2624 2438 2684 natura
2484 2624 2639 2703 apta
2686 2625 2842 2685 sunt

496 2726 579 2789 ad
624 2726 861 2789 crimen
911 2726 1391 2809 perficiendum,
1440 2725 1818 2789 arbitrariae
1866 2748 2111 2811 poenae
2149 2727 2503 2809 conaminis
2550 2728 2844 2810 subjecta

497 2833 649 2899 sint.
719 2832 855 2897 Nec
885 2837 1108 2897 tamen
1136 2832 1533 2917 negabimuS,
1565 2832 1951 2916 interpretes
1982 2834 2386 2916 posterioreS,
2418 2838 2492 2898 ut
2523 2833 2843 2900 Cressium

496 2940 566 3005 in
626 2940 1162 3003 commentatione
1181 2989 1196 3018 ,
1262 2938 1686 3004 Boehmerum
1742 2939 1808 3002 in
1870 2939 2290 3005 meditatione
2355 2940 2436 3006 ad
2502 2941 2847 3005 articulum

499 3044 887 3110 CLXXVIII
940 3046 975 3127 ἓ
1026 3048 1057 3109 1
1115 3046 1188 3110 in
1243 3049 1479 3110 conatu
1534 3045 1824 3110 sufficere
1880 3047 2224 3110 secundum
2276 3046 2441 3129 juris
2488 3048 2845 3112 communis

499 3153 752 3237 regulas
799 3152 1221 3235 subjectivum
1267 3175 1501 3217 nexum
1534 3153 1704 3216 inter
1751 3153 2087 3217 consilium
2135 3158 2200 3217 et
2246 3153 2543 3217 effectum
2574 3159 2849 3219 conten-

501 3260 698 3337 disse,
748 3260 857 3324 sed
903 3282 1046 3326 cum
1093 3281 1267 3337 vere,
1328 3260 1498 3344 quod
1544 3259 1980 3325 Psotenhauer
1991 3258 2041 3343 ⁸)
2088 3261 2256 3336 vult,
2315 3262 2848 3345 interpretationi

500 3366 882 3446 Zachariae,
945 3389 1139 3450 quam
1184 3388 1302 3430 nos
1349 3366 1607 3450 quidem
1652 3368 2005 3451 sequimur,
2067 3368 2446 3431 obnitantur
2505 3369 2849 3433 amborum

504 3473 843 3552 versiones,
892 3495 1002 3537 cur
1033 3477 1250 3537 tamen
1295 3473 1403 3537 ille
1433 3473 1662 3537 horum
1694 3496 1948 3558 quoque
1977 3475 2273 3559 neglecta
2303 3475 2851 3559 interpretatione

503 3580 845 3644 articulum
874 3583 1165 3645 nostrum
1211 3579 1449 3644 nullius
1481 3602 1617 3645 esse
1663 3582 1973 3646 momenti
2004 3585 2197 3667 putat
2243 3586 2309 3647 et
2353 3582 2423 3645 in
2462 3583 2851 3666 quaestione

687 3791 724 3860 1)
765 3793 836 3850 cf.
872 3810 907 3847 a
947 3792 1066 3847 159.
1102 3792 1435 3848 Fenerbach.
1481 3793 1925 3865 Betrachtungen
1969 3794 2104 3848 fiber
2141 3812 2175 3849 a
2214 3795 2315 3848 159
2352 3795 2449 3850 der
2485 3794 2545 3853 P.
2583 3793 2645 3849 G.
2684 3794 2747 3849 O.
2787 3795 2851 3849 in

503 3881 599 3935 der
635 3879 779 3934 Bibl.
816 3882 868 3939 d.
905 3881 1072 3951 peinl.
1111 3881 1314 3936 Rechts
1349 3881 1419 3935 Π.
1455 3881 1518 3935 Β.
1559 3882 1607 3936 1.
1646 3882 1796 3937 Stck.
1833 3882 1931 3936 Nr.
1969 3884 2019 3936 2.

685 3968 726 4038 2)
763 3988 814 4025 v.
852 3970 900 4027 J.
939 3969 1162 4026 Gobleri
1196 3970 1427 4040 Interpr.
1465 3969 1609 4026 000.
1646 3973 1703 4025 et
1740 3971 1900 4027 Remi
1916 4015 1928 4038 ,
1977 3989 2144 4042 quam
2179 3971 2430 4042 vulgavit
2466 3973 2689 4044 Abegg,
2741 3972 2854 4027 ibi-

504 4076 612 4128 que
648 4059 1146 4215 a³³)1'l’8tbtenhauer,
1182 4148 1416 4203 Einfluss
1453 4150 1547 4203 des
1583 4149 1723 4205 fakt.
1760 4150 2027 4204 Irrthums
2061 4169 2116 4220 p.
2155 4150 2258 4211 189
2293 4168 2397 4219 sq.;
2436 4150 2680 4220 ejusdem
2715 4152 2864 4206 libri

506 4254 733 4292 censura
777 4236 1057 4292 invenitur
1102 4236 1164 4291 in
1198 4237 1472 4292 Kritische
1507 4238 1848 4293 Jahrbficher
1898 4239 1987 4294 fiir
2033 4238 2615 4295 Rechtswissenschaft
2629 4281 2642 4305 ,
2688 4240 2860 4295 Jahr-

508 4343 657 4396 gang
695 4325 783 4380 III.
828 4327 980 4379 1839.
1018 4329 1168 4381 facta
1203 4327 1276 4381 ab
1315 4327 1528 4398 Abegg.
1566 4347 1658 4399 pg.
1703 4329 1976 4382 1066--85
2016 4329 2157 4398 inpr.
2195 4348 2288 4400 pg.
2330 4329 2482 4382 1084.
