3052 4887
1455 308 1742 403 ,11Ξὲ1

489 522 742 565 causam
804 501 1100 583 praebet.
1169 522 1296 565 non
1356 523 1434 564 ex
1492 500 1870 565 rationibus.
1893 501 2058 584 juris
2103 501 2457 566 communis
2506 503 2571 564 et
2617 500 2833 584 aequi-

485 607 651 671 tatis
705 607 830 671 hoe
890 611 1217 690 receptum
1281 608 1552 672 videtur..
1623 607 1949 671 -Oeterum
2013 607 2135 671 hoc
2199 608 2368 671 inter
2438 607 2613 685 illa-s,
2681 628 2834 692 quas

486 713 839 789 retulimus,
885 714 1214 787 doctrinas
1276 737 1405 778 non
1467 710 1860 796 discrepatl)
1921 714 2334 796 probationes
2381 714 2597 779 deesse
2644 735 2835 777 conae

487 823 625 885 tum
692 819 764 885 111
816 821 1151 885 universis
1191 820 1562 885 criminibus
1623 820 1944 904 legitimis
2023 821 2321 904 punitum
2382 841 2533 885 esse.
2664 819 2835 894 Quae

491 927 1004 1010 quandoquidem
1081 949 1199 991 nos
1270 927 1607 1002 deficiunt,
1687 926 1839 1011 quia
1914 927 1979 990 id
2049 927 2219 1009 quod
2301 925 2707 997 »veresimile
2736 924 2826 1006 ¹)«

486 1037 740 1111 tantum
803 1037 903 1099 est
964 1057 1038 1097 ac
1094 1055 1206 1116 per
1265 1034 1546 1117 speciem
1606 1033 2055 1096 tantummodo
2107 1032 2501 1117 generaliter
2569 1032 2832 1117 loquen-

486 1140 660 1204 tibus
742 1140 900 1203 locis
976 1139 1364 1216 affirmatur,
1432 1139 1635 1203 ¹nobis
1713 1161 1845 1205 non
1924 1138 2222 1215 sufficiat,
2310 1138 2702 1204 obtinemus.
2760 1161 2833 1202 ac

487 1245 928 1310 contendimus
992 1250 1296 1313 conatum
1356 1267 1471 1328 per
1531 1267 1596 1313 se
1661 1245 1729 1308 in
1781 1246 1926 1328 jure
1983 1245 2276 1311 Romano
2346 1268 2475 1309 non
2536 1244 2833 1328 punitum

486 1352 701 1417 fnisse.
814 1352 889 1417 Id
952 1353 1008 1416 si
1069 1374 1288 1417 verum
1356 1355 1484 1429 est,
1556 1352 1695 1436 jam
1770 1354 2040 1435 apparet
2114 1355 2421 1417 conatum
2497 1351 2833 1417 inutilibus

456 1459 928 1545 ‚instrumentis
1016 1463 1380 1542 susceptum
1455 1459 1781 1542 impunem
1866 1458 2081 1523 fuisse.
2205 1458 2388 1533 Quod
2479 1459 2558 1523 ad
2634 1458 2833 1522 ratio-

487 1587 599 1629 nes
657 1565 1221 1648 praeparationum
1290 1566 1691 1649 quarundam
1747 1565 2028 1648 itemque
2090 1565 2502 1630 conaminum.
2557 1564 2626 1629 in
2687 1564 2833 1648 qui-

485 1671 753 1735 busdam
801 1671 1146 1736 sceleribus
1194 1671 1658 1754 puniendorum
1699 1671 2006 1754 speciales
2066 1671 2332 1749 attinet,
2381 1671 2617 1754 partim
2665 1671 2831 1754 peri-

489 1779 719 1855 cnlum,
756 1779 928 1861 quod
961 1800 1038 1843 ex
1069 1778 1306 1842 talibus
1339 1777 1731 1845 facinoribus
1765 1777 2205 1860 principaliter
2238 1778 2546 1856 emineat,
2595 1777 2832 1860 partim

489 1884 751 1948 0111111110
801 1885 1073 1948 salutem
1121 1884 1449 1951 societatis
1499 1907 1576 1948 ac
1619 1884 1712 1948 rei
1759 1884 2048 1968 publicae
2095 1884 2473 1968 praesertim
2499 1885 2834 1950 Romanae

484 1991 612 2054 illis
660 1991 1056 2074 temporibus
1104 2012 1359 2055 causam
1406 1991 1600 2054 fnisse
1650 1995 1979 2075 putamUS,
2040 2013 2150 2055 cur
2208 1991 2365 2061 haec
2412 1991 2832 2068 sancirentur,

489 2098 657 2162 sicut
689 2098 767 2161 de
798 2098 941 2182 lege
973 2096 1270 2162 Cornelia
1303 2097 1603 2182 inprimis
1635 2096 1831 2161 Sanio
1847 2095 1897 2178 2)
1928 2097 2250 2162 luculente
2283 2098 2599 2181 exposuit.
2665 2096 2835 2165 Dum

486 2204 565 2267 de
606 2203 882 2288 singulis
929 2204 1058 2267 illis
1107 2204 1645 2287 causis.ejusdem
1678 2202 1994 2280 Sanionis,
2045 2203 2574 2287 Bynkershoekii,
2623 2202 2835 2267 Lelie-

485 2310 625 2386 vrii,
686 2310 960 2388 Ludeni,
1019 2309 1367 2375 Zachariae
1426 2311 1669 2392 scripta
1725 2309 2004 2375 sufficiat
2050 2309 2209 2377 mihi
2257 2310 2566 2395 allegare,
2627 2313 2838 2375 restat

488 2415 711 2481 adhuc·
753 2416 860 2495 iis,
941 2438 1102 2502 quae
1160 2439 1357 2501 supra
1419 2416 1902 2501 explicavimus,
1977 2416 2085 2500 jus
2143 2417 2413 2501 poenale
2470 2416 2837 2484 Romanum

484 2523 618 2587 fere
666 2523 985 2606 objectivo
1034 2526 1286 2608 tantum
1335 2524 1655 2607 principio
1690 2523 1909 2588 nixum
1942 2544 2075 2588 non
2107 2524 2495 2607 generaliter
2526 2513 2838 2588 conatum

485 2630 796 2712 puniisse,
847 2630 1151 2713 adjicere,
1218 2640 1550 2707 conatum,
1614 2630 1723 2713 qui
1768 2631 1882 2693 fiat
1928 2629 2266 2694 inutilibus
2280 2628 2329 2711 3)
2385 2630 2838 2695 instrumentis

462 2815 465 2818 A
478 2735 748 2819 jamjam
793 2736 914 2800 hac
960 2736 1036 2824 de
1083 2758 1274 2800 causa
1320 2756 1451 2800 non
1498 2737 1786 2819 potuisse
1833 2736 1900 2800 in
1940 2737 2085 2819 jure
2119 2737 2408 2801 Romano
2455 2737 2667 2801 locum
2714 2738 2837 2802 ha-

270 2913 275 2914 ?
484 2843 661 2918 bere,
726 2843 897 2926 quod
957 2866 1033 2907 ex
1092 2843 1343 2927 legibus
1389 2844 1530 2906 fere
1583 2842 1979 2907 solummodo
2027 2843 2285 2919 idonea,
2345 2844 2575 2927 quibus
2624 2866 2841 2910 susee-

487 2953 672 3034 ptum
720 2949 890 3014 effici
934 2951 1171 3033 possit,
1220 2950 1652 3014 instrumenta
1700 2949 2157 3013 maleficiorum
2202 2950 2675 3034 intelligantur.

1526 3144 1741 3225 .§6.

664 3268 727 3333 N
730 3291 799 3334 ec
845 3270 1034 3353 plane
1083 3269 1539 3354 negligendum
1586 3269 1842 3352 quidem
1891 3273 2020 3346 est,
2071 3268 2244 3351 quod
2289 3289 2401 3352 per
2434 3269 2841 3335 occasionem

485 3379 1047 3453 commemoratur,
1097 3376 1355 3453 factum,
1408 3375 1580 3457 quod
1623 3375 1710 3439 sit
1757 3381 2137 3458 susceptum,
2185 3378 2483 3458 oporte-re
2528 3375 2839 3440 idoneum

486 3503 653 3558 esse,
721 3497 849 3565 quo
911 3482 990 3545 ad
1048 3486 1345 3545 eventum
1405 3482 1851 3564 perveniatur,
1910 3482 2103 3546 sicuti
2152 3519 2232 3528 —
2281 3503 2414 3545 non
2473 3481 2755 3545 libenter
2804 3505 2841 3546 0

486 3588 711 3678 medio.
755 3587 1181 3671 relinquerem
1241 3587 1597 3670 Ulpianum
1642 3577 1940 3670 1.“10,ξ
1992 3591 2023 3652 1
2076 3589 2120 3654 f.
2170 3610 2317 3674 neg.
2366 3592 2535 3672 gest·
2599 3588 2694 3671 (3,
2747 3589 2837 3672 5)

483 3694 882 3778 loquentem:
951 3698 1064 3760 »ut
1124 3694 1292 3770 enim
1353 3698 1651 3758 eventum
1710 3718 1843 3758 non
1903 3699 2276 3777 spectemuS,
2338 3694 2525 3758 debet
2584 3694 2843 3774 utiliter

468 3823 620 3864 -esse
670 3804 1003 3883 coeptum«
1074 3802 1240 3883 (111011
1298 3800 1458 3864 mire
1504 3801 1894 3885 generaliter
1934 3802 2175 3865 dictum
2209 3801 2441 3866 mirum
2471 3801 2541 3865 in
2573 3803 2837 3868 modum

667 3992 705 4061 ¹)
743 3993 1024 4059 Wachter‚
1062 3994 1197 4057 Beil,
1236 3994 1404 4048 XXII.
1443 3995 1483 4048 f.
1556 3995 1627 4047 cf.
1664 3994 1943 4060 Waehten
1985 3994 2273 4050 Lehrbuch
2309 3997 2468 4062 ξ85,
2491 3996 2619 4051 Not.
2646 3998 2694 4049 6.
2712 3999 2759 4049 7.
2785 3998 2843 4051 1.

487 4101 586 4136 nec
622 4082 802 4137 minus
851 4081 1030 4154 Oropp
1077 4084 1115 4137 1.
1164 4100 1207 4137 0.
1259 4101 1314 4152 p.
1353 4083 1439 4147 61,
1490 4085 1604 4139 not.
1643 4085 1705 4136 21
1759 4086 1813 4137 et
1848 4083 2092 4138 Lelievre
2129 4085 2166 4140 l.
2206 4103 2250 4139 0.
2303 4104 2355 4154 p.
2395 4087 2480 4150 74,
2518 4086 2615 4154 qui
2652 4088 2846 4142 cetera.

483 4189 622 4239 quae
658 4172 726 4226 de
761 4172 865 4226 hac
901 4189 960 4225 re
995 4171 1202 4241 scripta
1238 4174 1386 4236 sunt,
1423 4172 1683 4227 referunt.

663 4259 701 4326 ²)
743 4259 908 4315 Sanio
946 4259 982 4313 l.
1022 4278 1066 4314 0.
1107 4279 1159 4329 p.
1200 4263 1284 4314 79.
1323 4261 1451 4314 Not.
1490 4263 1576 4315 37.

663 4349 705 4415 ³)
742 4351 807 4403 de
846 4350 949 4403 hae
984 4350 1301 4418 quaestione
1339 4350 1409 4402 cf.
1448 4350 1642 4419 Cropp.
1682 4349 1720 4402 Ι.
1759 4370 1811 4419 p.
1850 4353 1915 4404 41
1955 4365 2044 4419 sq.
2109 4352 2371 4405 Waehter
2421 4369 2473 4420 p.
2519 4352 2615 4404 137
2656 4371 2735 4420 sq.
