3052 4887
1613 317 1697 381 40

487 513 597 598 qui
640 515 826 579 fieret
870 511 1208 577 inutilibus
1251 511 1617 576 rationibus
1634 559 1649 587 ,
1708 511 1791 575 ab
1851 510 2223 596 legislatore
2280 533 2414 575 non
2458 511 2647 575 modo
2693 533 2826 576 non

486 621 849 706 neglectum
867 669 882 696 ‚
942 620 1052 682 sed
1112 619 1308 683 etiam
1374 619 1781 702 designatum
1838 639 1975 681 esse
2028 639 2240 701 poena
2298 618 2594 702 dignum,
2663 638 2827 699 quae

483 726 806 791 sententia
850 748 924 790 eo
972 746 1224 808 quoque
1271 723 1631 807 paullulum
1675 724 2054 800 firmaretur,
2089 724 2259 806 quod
2290 724 2362 786 in
2390 726 2431 802 ἓ
2464 725 2550 786 40
2583 723 2827 787 dictum

484 837 612 897 est:
691 831 866 895 »Hat
914 832 1024 894 der
1071 830 1311 893 Thater
1359 851 1471 893 zur
1514 828 1949 912 Vollziehung
2006 829 2116 892 des
2160 828 2605 893 Verbrechens
2653 850 2826 905 „von

485 938 694 1001 seiner
741 936 954 1001 Seite“
1003 936 1180 1000 Alles
1225 935 1533 1020 getham,
1585 957 1747 1016 qnae
1793 935 1986 998 verba
2025 957 2140 1018 per
2186 957 2253 999 se
2296 935 2490 999 fidem
2536 939 2826 999 tantum-

481 1042 670 1107 modo
727 1043 974 1107 efficere
1022 1045 1320 1126 possent;
1368 1039 1597 1104 deinde
1645 1041 1814 1123 quod
1859 1041 1929 1103 in
1990 1045 2228 1105 conatu
2271 1040 2603 1106 homicidii
2615 1037 2665 1121 ¹)
2714 1062 2823 1104 vo-

483 1149 700 1213 luntas
745 1147 1115 1232 requiritur,
1164 1169 1328 1230 quae
1376 1148 1677 1211 cernatur
1723 1145 1791 1208 in
1839 1147 2028 1210 certis
2075 1146 2457 1230 quibusdam
2501 1145 2712 1210 factis.

658 1254 899 1318 Verum
957 1253 1107 1317 huic
1167 1252 1694 1336 interpretationi
1755 1253 2048 1328 obstant,
2114 1275 2276 1335 quae
2331 1253 2401 1314 in
2461 1251 2535 1334 ἐξ
2582 1254 2689 1328 41,
2738 1253 2821 1316 42

481 1361 688 1427 fusius
720 1364 1147 1444 exponuntur.
1239 1358 1319 1421 In
1350 1359 1429 1440 §ss
1476 1359 1740 1422 40—42
1775 1359 1851 1421 de
1899 1359 2204 1442 gradibus
2251 1359 2585 1422 disseritur
2632 1381 2825 1422 cona-

483 1455 748 1532 minum.
844 1466 1224 1549 Quanquam
1271 1487 1419 1529 vero
1476 1487 1612 1529 non
1656 1465 1916 1528 illorum
1961 1465 2349 1529 sententiam
2367 1516 2382 1544 ‚
2430 1464 2573 1548 qui,
2635 1463 2834 1528 sicuti·

484 1572 922 1638 Pfotenhauer
938 1622 953 1650 ‚
1031 1570 1391 1634 sanciendis
1465 1593 1673 1654 poena
1750 1572 2353 1654 praeparationibus
2424 1571 2821 1649 delictorum,

484 1679 737 1744 excludi
784 1678 1189 1742 contendunt
1233 1677 1497 1741 omnino
1531 1676 2149 1741 animadversionem
2181 1676 2507 1741 inutilium
2539 1677 2824 1743 conami-

378 1866 383 1871 Κ
484 1808 657 1862 num,
708 1785 1157 1868 approbamu8‚
1205 1783 1557 1847 illiusmodi
1595 1787 1811 1848 tamen
1845 1785 2246 1847 conaminum
2295 1784 2611 1868 gradatio,
2664 1806 2825 1868 quae

482 1895 548 1956 et
601 1892 741 1974 ipsa
798 1912 913 1973 per
967 1912 1034 1954 se
1094 1889 1349 1974 quidem
1406 1911 1652 1953 summo
1704 1890 1850 1974 jure
1896 1889 1964 1952 in
2022 1890 2239 1953 inutili
2286 1913 2540 1973 quoque
2588 1894 2826 1956 conatu

483 1996 763 2082 cogitari
811 2000 1042 2080 potest,
1094 1995 1618 2079 quandoquidem
1647 1995 1716 2057 in
1749 1995 2104 2059 extrarium
2136 2000 2222 2073 et,
2264 1996 2378 2079 qui
2407 1997 2488 2061 ab
2518 1990 2832 2060 facinoris*

481 2109 716 2168 natura
763 2102 1009 2166 alienus
1055 2104 1156 2172 est
1203 2101 1736 2185 (mnabhangiget
1756 2098 1826 2183 ²),
1877 2124 2096 2165 casum
2140 2102 2391 2166 videtur
2435 2102 2660 2181 relata,
2708 2125 2827 2166 nos

484 2208 801 2294 prohibet,
853 2208 1193 2292 quominns
1239 2207 1665 2272 Borussorum
1724 2207 2163 2291 legislatorem
2218 2209 2295 2271 de
2341 2213 2581 2273 conatu
2626 2209 2827 2271 inuti-

482 2315 649 2378 libus
709 2314 939 2397 opibus
995 2317 1287 2396 suscepto
1350 2334 1432 2376 ne
1489 2313 1699 2377 dicam
1758 2315 2075 2397 cogitasse
2143 2315 2255 2377 sed
2313 2317 2531 2378 tamen
2592 2314 2828 2398 respici

485 2445 630 2487 eum
676 2419 951 2486 voluisse
1000 2420 1481 2485 contendamus.
1579 2419 1762 2484 Licet
1808 2419 2082 2504 denique
2130 2423 2196 2484 et
2240 2421 2309 2483 in
2356 2424 2595 2486 conatu
2638 2421 2827 2485 inha-

482 2528 599 2593 bili
646 2527 814 2592 actio
860 2527 1003 2610 ipsa
1049 2526 1333 2591 diversos
1380 2525 1615 2590 habeat
1662 2526 1917 2612 gradus,
1969 2527 2230 2610 quidam
2260 2531 2478 2591 tamen
2525 2550 2827 2613 progres-

483 2656 589 2699 sus
638 2638 704 2698 et
751 2632 1329 2716 appropinquatiO,
1393 2636 1465 2696 ut
1511 2632 1746 2709 dicam,
1810 2633 1893 2695 ad
1951 2637 2459 2698 consummatum
2518 2635 2827 2699 delictum

484 2763 614 2804 non
659 2739 766 2804 hic
812 2738 1109 2803 videlicet
1153 2742 1382 2816 exstat,
1433 2738 1606 2822 quod
1653 2761 1803 2803 vero
1852 2738 2228 2822 requisitum
2276 2742 2372 2803 est
2417 2741 2568 2822 §42
2603 2741 2673 2804 in
2717 2764 2825 2805 co-

485 2849 662 2910 natu.
759 2845 943 2921 Quod
990 2844 1161 2908 enim
1206 2845 1286 2908 ab
1331 2845 1520 2910 initio
1570 2845 1739 2909 effici
1796 2846 2051 2929 nequit,
2113 2867 2465 2930 permagna
2521 2848 2828 2910 nimirum

484 2953 779 3016 adhibita
826 2973 1021 3035 opera
1067 2952 1127 3015 ei
1174 2972 1423 3033 semper
1469 2951 1676 3015 deerit
1721 2951 2031 3035 perfectio
2065 2956 2130 3015 et
2162 2952 2503 3017 absolutio,
2576 2952 2825 3018 Deinde

481 3059 655 3143 quod
712 3058 793 3122 ad
852 3059 887 3140 ἓ
954 3058 1137 3122 838a
1198 3058 1471 3134 attinet,
1547 3059 1738 3122 verba
1812 3058 2133 3122 »dadurch
2193 3058 2346 3123 aber
2409 3058 2613 3123 noch
2672 3060 2823 3124 kein

481 3152 726 3230 Schade
788 3163 1163 3228 verursacht
1208 3164 1506 3228 worden«
1575 3186 1649 3228 eo
1707 3164 1967 3227 tendere
2024 3167 2322 3249 apparet,
2384 3165 2825 3250 legislatorem

482 3272 670 3335 modo
718 3272 795 3335 de
841 3269 1165 3334 habilibus
1214 3269 1534 3355 cogitasse
1583 3270 2045 3334 conaminibus.
2496 3350 2505 3355 .

664 3376 840 3462 Ergo
888 3376 1179 3460 quamvis
1218 3377 1326 3461 jus
1371 3376 1811 3454 Borussicum,
1872 3399 2065 3460 quum
2113 3376 2642 3460 praeparationes
2688 3400 2824 3442 sce·

479 3485 683 3548 lerum
714 3484 963 3568 puniat,
1012 3505 1208 3567 quom
1239 3483 1679 3567 poenitentiae
1710 3482 2030 3548 rationem
2059 3483 2315 3560 habeat,
2362 3483 2514 3569 regi.
2532 3484 2824 3549 videatur

480 3590 800 3675 principio
833 3589 1206 3673 subjectum,
1255 3590 1426 3674 quod
1457 3589 1599 3653 aliis
1632 3611 1884 3674 quoque
1929 3590 2088 3654 locis
2128 3590 2493 3655 redactores
2523 3592 2824 3657 observa-

663 3800 701 3868 ι)
738 3802 769 3869 ς
807 3802 963 3856 8382..
1017 3800 1126 3855 »Ist
1162 3800 1251 3856 die
1287 3799 1517 3856 Absicht
1555 3820 1622 3856 zu
1655 3769 1878 3865 teaten,
1924 3802 2094 3856 sehon
2144 3801 2234 3855 »in
2270 3801 2599 3856 ausserliche
2633 3802 2824 3858 Hand-

477 3891 717 3962 lungem
771 3891 1176 3960 ausgebrochen
1195 3931 1208 3955 ,
1261 3890 1503 3945 dadurch
1555 3892 1687 3945 aber
1737 3889 1879 3944 noch
1932 3889 2011 3957 (!)
2062 3889 2192 3945 kein
2242 3889 2453 3945 Schade
2505 3892 2825 3946 verursacht

478 3981 719 4045 worden,
766 3997 824 4034 so
873 3979 973 4033 hat
1021 3979 1117 4033 der
1162 3978 1369 4048 Thater
1404 3978 1544 4034 vier-
1593 3979 1678 4034 bis
1728 3978 2102 4051 scchsjahrige
2136 3978 2428 4049 Festungs-
2463 3980 2591 4034 oder
2625 3980 2826 4035 Zucht-

403 4106 408 4112 ·
478 4067 787 4124 hausstrafe
824 4066 1129 4122 verwirkt.‹

322 4437 433 4504 Ἣ,

659 4155 700 4225 ²)
738 4158 801 4211 ut
837 4172 934 4210 nos
960 4155 1262 4211 diceremus
1298 4155 1369 4210 cf.
1394 4156 1564 4210 verba
1598 4156 1631 4222 5
1656 4155 1741 4220 42,
1782 4154 1876 4209 ubi
1901 4171 2077 4225 poena
2108 4155 2448 4220 aestimatur,
2491 4156 2666 4211 »nach
2693 4156 2827 4212 Ver-

477 4244 712 4300 haltniss
757 4246 852 4300 des
888 4243 1244 4300 Fortschritts
1291 4261 1387 4298 zur
1420 4243 1741 4297 wirklichen
1777 4242 2143 4314 Vollziehung
2157 4263 2201 4308 3«
2258 4243 2452 4299 deinde
2487 4261 2553 4296 v..
2588 4243 2719 4299 Not.
2761 4246 2826 4301 1:

483 4333 758 4390 »dadurch
794 4334 928 4388 aber
963 4350 999 4386 n
1014 4349 1046 4387 o
1061 4349 1091 4386 c
1104 4332 1142 4387 h
1179 4331 1310 4387 kein
1348 4331 1560 4387 Schade
1596 4332 1913 4386 verursacht
1948 4333 2215 4387 voi-dens
