3052 4887
242 4409 413 4504 ⁴⁴2.

1648 315 1687 376 8

491 509 681 572 datur
740 508 894 572 de‘us
913 556 928 585 ,
988 508 1371 590 placaretur.
1467 507 1665 571 Ratio
1720 507 2157 590 potissimum,
2218 513 2293 572 ut
2336 508 2648 573 malorum
2696 531 2836 574 car-

488 615 731 679 minum
777 613 1138 678 incantatio
1187 613 1453 696 capitali
1482 635 1692 697 poena
1740 613 1932 677 sicuti
1978 614 2391 696 parricidium
2438 615 2668 678 affecta
2698 615 2837 678 fue-

489 721 609 799 rit,
668 714 918 785 videtur
965 720 1161 784 fuisse
1221 720 1531 784 crebritas
1548 770 1563 798 ,
1627 721 2003 804 periculum,
2066 721 2236 803 quod
2280 720 2428 784 inde
2488 721 2834 798 oriebatur,

491 827 788 910 quodque
832 827 1073 889 malum
1120 827 1464 909 parricidio
1510 827 1553 889 i.
1604 849 1657 891 e.
1707 826 1835 889 illis
1882 827 2280 910 temporibus
2312 827 2656 891 homicidio
2689 850 2839 911 pro—

489 933 731 997 ximum
776 955 912 996 esse
951 932 1394 1016 judicabatur3
1445 932 1762 1016 simulque
1809 932 2207 998 claudestina
2265 940 2452 997 erant
2510 933 2669 998 haec
2721 935 2838 998 fla-

487 1039 669 1124 gitia,
704 1039 935 1122 quibus
969 1039 1224 1103 obviam
1249 1039 1341 1102 ire
1367 1037 1657 1103 homines
1684 1039 2139 1122 superstitione
2165 1042 2318 1103 tunc
2349 1040 2418 1103 in
2447 1040 2838 1104 horrendum

488 1146 744 1211 modum
796 1145 1011 1210 vexati
1059 1167 1132 1208 ac
1179 1145 1393 1209 territi
1439 1146 1701 1208 summis
1749 1146 1978 1229 opibus
2035 1146 2401 1211 studebant.
2496 1146 2666 1210 Dum
2712 1147 2837 1231 igi-

487 1255 594 1316 tur
639 1252 708 1316 in
754 1252 869 1316 illo
914 1253 1057 1316 loco
1105 1251 1187 1315 ob
1236 1251 1758 1315 excantationem
1805 1252 2083 1330 demum,
2146 1252 2252 1316 hic
2290 1253 2427 1335 jam
2474 1253 2557 1316 ob
2601 1254 2837 1316 malum

491 1380 745 1422 carmen
796 1357 1152 1422 adhibitum
1202 1357 1469 1440 punitur
1519 1358 1865 1441 eademque
1920 1359 2176 1441 quidem
2235 1381 2458 1442 poena.
2552 1358 2724 1422 Dum
2766 1360 2834 1422 in

488 1465 600 1528 illo
660 1464 961 1549 religioni
1021 1464 1402 1528 adversante
1465 1464 1698 1528 scelere
1754 1467 2034 1529 ceterum
2100 1465 2336 1529 leviore
2398 1450 2838 1529 consummata

486 1571 742 1635 demum
789 1571 992 1648 actio,
1040 1570 1110 1634 in
1157 1571 1421 1634 crimine
1469 1573 1696 1635 contra
1734 1571 1839 1654 jus
1888 1571 2058 1635 vitae
2107 1574 2416 1654 concepto
2469 1570 2605 1653 jam
2653 1571 2835 1635 adhi-

485 1678 694 1742 bitum
741 1677 1244 1740 instrumentum
1281 1677 1419 1759 jam
1469 1680 1736 1741 conatus
1784 1677 2067 1741 criminis
2114 1677 2399 1760 punitur,
2449 1698 2523 1741 ac
2568 1679 2835 1760 punitur

485 1821 573 1830 —
635 1784 743 1848 hic
794 1783 933 1868 jam
997 1783 1170 1866 apud
1236 1782 1559 1847 Romanos
1624 1783 1902 1849 inveniri
1966 1783 2218 1848 videtur
2283 1783 2668 1868 principium
2749 1821 2831 1831 —

486 1890 840 1973 aequaliter
889 1911 962 1953 ac
1010 1889 1249 1952 crimen
1295 1893 1803 1954 consummatum
1850 1891 2095 1955 scilicet
2139 1889 2573 1974 parricidium.

664 1996 870 2081 Leges
916 1995 1043 2059 XII
1087 1995 1450 2059 tabularum
1496 2034 1586 2042 —-
1647 1997 1771 2060 hoc
1830 1997 1998 2060 enim
2038 1997 2174 2080 jam
2234 2018 2311 2060 ex
2355 1995 2467 2073 iis,
2518 2017 2681 2078 quae
2726 2018 2836 2059 ex-

486 2103 846 2188 posuimuS,
898 2104 1166 2185 apparet
1214 2138 1298 2195 7—
1346 2104 1650 2165 conatum
1695 2102 2025 2166 homicidii
2070 2102 2337 2166 utilibus
2383 2102 2836 2166 instrumentis

487 2213 858 2293 susceptum
905 2209 1124 2272 eodem
1171 2207 1489 2292 supplicio
1539 2209 1852 2287 afficiunt,
1903 2231 2030 2292 quo
2079 2211 2589 2272 consummatum
2634 2208 2837 2272 inter-

487 2315 786 2381 fectionis
834 2315 1094 2380 crimen.
1168 2314 1310 2378 Hoc
1356 2317 1576 2379 tamen
1624 2315 2097 2380 concedendum
2144 2318 2242 2379 est
2286 2314 2551 2378 Ludeno
2599 2315 2668 2377 in
2713 2315 2841 2380 hoc

485 2445 634 2487 casu
680 2421 758 2486 de
804 2423 1039 2486 conatu
1085 2423 1343 2485 tantum
1388 2421 1682 2504 proximo
1731 2443 1918 2506 posse
1963 2421 2108 2501 dici,
2158 2421 2670 2505 quandoquidem
2696 2421 2840 2504 jam

484 2551 562 2593 ex
622 2528 1067 2593 incantatione
1123 2528 1390 2592 violatio
1451 2550 1525 2592 ac
1582 2528 1884 2592 damnum
1942 2528 2197 2592 illatum
2253 2550 2388 2592 esse
2437 2528 2837 2592 credebatur.

485 2634 763 2717 Propter
808 2633 968 2697 haec
1016 2634 1389 2698 testimonia
1436 2634 1692 2698 etiamsi
1753 2635 2012 2698 difficile
2074 2638 2171 2698 est
2233 2656 2509 2718 poenam
2567 2637 2838 2698 conatus

488 2741 841 2824 cujuspiam
891 2740 1173 2804 criminis
1219 2740 1287 2804 in
1334 2740 1461 2805 XII
1506 2741 1745 2805 tabulis
1794 2742 2099 2818 refutare,
2150 2744 2368 2806 tamen
2415 2742 2587 2824 quod
2634 2740 2839 2824 Orop-

485 2848 631 2931 pius
667 2847 921 2930 quidem
955 2846 1132 2924 dicit,
1173 2847 1442 2930 jamjam
1481 2846 1609 2911 XII
1655 2848 1909 2912 tabulas
1956 2848 2027 2911 in
2074 2847 2444 2912 criminibus
2492 2847 2838 2931 puniendis

485 2954 568 3018 ad
613 2954 1017 3018 voluntatem
1073 2953 1461 3037 spectavisse
1520 2958 1586 3017 et
1642 2954 1723 3018 ob
1785 2975 1924 3017 eam
1969 2976 2103 3018 rem
2149 2956 2448 3018 conatum
2494 2954 2838 3019 inutilibus

481 3082 624 3125 cum
682 3059 1128 3124 instrumentis
1190 3059 1494 3143 puniisse,
1552 3060 1815 3124 minime
1873 3059 2262 3124 laudandum
2309 3063 2426 3124 est.
2502 3060 2644 3125 Hoc
2691 3060 2840 3143 qui-

483 3166 628 3230 dem
674 3187 751 3230 ex
798 3166 941 3230 aliis
989 3166 1176 3245 locis,
1227 3166 1338 3248 qui
1369 3167 1743 3244 afferuntur,
1796 3167 1999 3231 veluti
2045 3189 2121 3231 ex
2176 3167 2543 3251 fragmento
2578 3168 2705 3231 236
2755 3167 2838 3231 de

484 3272 829 3356 verborum
887 3272 1362 3357 significatione
1429 3274 1869 3358 cognoscitur,
1935 3273 2105 3358 quod
2168 3297 2245 3338 ex
2308 3273 2457 3358 Gaji
2517 3273 2685 3338 libro
2751 3273 2841 3337 ad

485 3380 696 3465 legem
741 3377 869 3443 XII
926 3379 1292 3443 tabularum
1339 3379 1792 3463 depromptum
1838 3383 1954 3444 est.
2050 3379 2289 3455 Quodsi
2334 3379 2837 3459 restitutionem,

485 3486 556 3551 in
604 3509 731 3569 qua
761 3488 951 3550 tanta
997 3489 1172 3550 recte
1204 3486 1501 3569 ponenda
1533 3492 1632 3550 est
1664 3486 2003 3564 dubitatio,
2056 3486 2563 3570 comprobamuS,
2614 3490 2840 3551 tamen

483 3615 562 3657 ex
607 3592 847 3669 verbiS,
897 3614 1061 3676 quae
1109 3592 1202 3656 sic
1234 3592 1592 3676 composita
1622 3597 1792 3671 sunt,
1842 3593 1954 3677 qui
1990 3593 2267 3657 »malum
2298 3614 2609 3657 venenum
2642 3592 2841 3657 fascit

484 3698 730 3778 duitve,
780 3698 1102 3783 parricida
1149 3701 1286 3763 esto
1314 3696 1424 3781 ¹),«
1479 3699 1783 3764 delictum
1827 3700 2171 3764 inutilibus
2234 3698 2679 3764 instrumentis
2726 3721 2840 3761 su-

483 3807 771 3888 sceptum
831 3805 1048 3889 puniri
1100 3826 1287 3888 posse
1344 3804 1601 3884 deduci,
1676 3806 1778 3870 vel
1833 3809 2061 3870 contra
2083 3855 2097 3883 ,
2160 3828 2278 3870 nec
2337 3805 2497 3870 illud
2552 3804 2839 3888 Croppio

481 3934 599 3975 nec
641 3913 764 3975 hoc
823 3912 1087 3977 Ludeno
1135 3910 1610 3976 concedendum
1669 3916 1799 3990 est,
1866 3913 1978 3995 qui
2034 3914 2300 3977 eandem
2353 3911 2841 3977 restitutionem

487 4017 884 4083 solummodo
944 4018 1186 4101 partim
1233 4018 1627 4103 comprobat.
1722 4018 1955 4084 Procul
2014 4019 2187 4084 enim
2246 4019 2436 4085 dubio
2494 4016 2843 4103 epitheton

483 4126 724 4190 malum
769 4147 1014 4190 veneno
1047 4124 1432 4210 appositum,
1479 4125 1641 4189 utile
1673 4148 1808 4190 esse
1841 4126 2067 4190 debere
2098 4126 2597 4190 instrumentum
2628 4124 2845 4209 signi-

452 721 481 741 κ’

662 4356 703 4425 ¹)
742 4356 978 4411 Dirksen
1015 4354 1108 4410 cit.
1145 4373 1200 4426 p.
1239 4355 1342 4409 507
1381 4373 1461 4425 sq.
