<?xml version="1.0" encoding="UTF-8"?>
<!DOCTYPE html PUBLIC "-//W3C//DTD XHTML 1.0 Transitional//EN"
    "http://www.w3.org/TR/xhtml1/DTD/xhtml1-transitional.dtd">
<html xmlns="http://www.w3.org/1999/xhtml" xml:lang="en" lang="en">
 <head>
  <title>
</title>
<meta http-equiv="Content-Type" content="text/html;charset=utf-8" />
  <meta name='ocr-system' content='tesseract 3.04.00' />
  <meta name='ocr-capabilities' content='ocr_page ocr_carea ocr_par ocr_line ocrx_word'/>
</head>
<body>
  <div class='ocr_page' id='page_1' title='image "./quaestiojuriscr00roetgoog_0039.png"; bbox 0 0 3052 4887; ppageno 0'>
   <div class='ocr_carea' id='block_1_1' title="bbox 1309 301 1390 367">
    <p class='ocr_par' dir='ltr' id='par_1_1' title="bbox 1309 301 1390 367">
     <span class='ocr_line' id='line_1_1' title="bbox 1309 301 1390 367; baseline -0.037 0"><span class='ocrx_word' id='word_1_1' title='bbox 1309 301 1390 367; x_wconf 84' lang='lat'>31</span> 
     </span>
    </p>
   </div>
   <div class='ocr_carea' id='block_1_2' title="bbox 168 493 2529 4085">
    <p class='ocr_par' dir='ltr' id='par_1_2' title="bbox 168 493 2529 3748">
     <span class='ocr_line' id='line_1_2' title="bbox 175 493 2527 578; baseline -0.001 -19"><span class='ocrx_word' id='word_1_2' title='bbox 175 499 271 574; x_wconf 87' lang='lat' dir='ltr'>ut,</span> <span class='ocrx_word' id='word_1_3' title='bbox 319 495 374 558; x_wconf 89' lang='lat' dir='ltr'>si</span> <span class='ocrx_word' id='word_1_4' title='bbox 422 498 670 578; x_wconf 87' lang='lat' dir='ltr'>posset,</span> <span class='ocrx_word' id='word_1_5' title='bbox 720 493 938 558; x_wconf 89' lang='lat' dir='ltr'>omnia</span> <span class='ocrx_word' id='word_1_6' title='bbox 983 494 1146 557; x_wconf 87' lang='lat' dir='ltr'>talia</span> <span class='ocrx_word' id='word_1_7' title='bbox 1191 515 1437 558; x_wconf 80' lang='lat' dir='ltr'>venena·</span> <span class='ocrx_word' id='word_1_8' title='bbox 1483 493 1561 556; x_wconf 89' lang='lat' dir='ltr'>de</span> <span class='ocrx_word' id='word_1_9' title='bbox 1607 494 1797 558; x_wconf 90' lang='lat' dir='ltr'>rebus</span> <span class='ocrx_word' id='word_1_10' title='bbox 1840 493 2138 558; x_wconf 87' lang='lat' dir='ltr'>humanis</span> <span class='ocrx_word' id='word_1_11' title='bbox 2185 493 2394 559; x_wconf 88' lang='lat' dir='ltr'>tollat.</span> <span class='ocrx_word' id='word_1_12' title='bbox 2438 531 2527 540; x_wconf 89' lang='lat'>--</span> 
     </span>
     <span class='ocr_line' id='line_1_3' title="bbox 175 599 2527 685; baseline -0 -20"><span class='ocrx_word' id='word_1_13' title='bbox 175 601 466 665; x_wconf 82' lang='lat' dir='ltr'>Eandem</span> <span class='ocrx_word' id='word_1_14' title='bbox 511 601 643 665; x_wconf 87' lang='lat' dir='ltr'>fere</span> <span class='ocrx_word' id='word_1_15' title='bbox 689 599 1070 664; x_wconf 82' lang='lat' dir='ltr'>decisionem</span> <span class='ocrx_word' id='word_1_16' title='bbox 1108 621 1194 685; x_wconf 91' lang='lat' dir='ltr'>ac</span> <span class='ocrx_word' id='word_1_17' title='bbox 1239 599 1481 664; x_wconf 89' lang='lat' dir='ltr'>duobus</span> <span class='ocrx_word' id='word_1_18' title='bbox 1529 599 1597 662; x_wconf 91' lang='lat' dir='ltr'>in</span> <span class='ocrx_word' id='word_1_19' title='bbox 1633 599 1907 677; x_wconf 89' lang='lat' dir='ltr'>casibus,</span> <span class='ocrx_word' id='word_1_20' title='bbox 1952 621 2113 683; x_wconf 84' lang='lat' dir='ltr'>quos</span> <span class='ocrx_word' id='word_1_21' title='bbox 2146 621 2527 664; x_wconf 89' lang='lat' dir='ltr'>commemo-</span> 
     </span>
     <span class='ocr_line' id='line_1_4' title="bbox 175 703 2526 791; baseline -0 -20"><span class='ocrx_word' id='word_1_22' title='bbox 175 708 488 784; x_wconf 82' lang='lat' dir='ltr'>ravimus,</span> <span class='ocrx_word' id='word_1_23' title='bbox 548 706 823 791; x_wconf 89' lang='lat' dir='ltr'>legimus</span> <span class='ocrx_word' id='word_1_24' title='bbox 884 706 1053 789; x_wconf 88' lang='lat' dir='ltr'>apud</span> <span class='ocrx_word' id='word_1_25' title='bbox 1100 703 1433 770; x_wconf 79' lang='lat' dir='ltr'>Senecam:</span> <span class='ocrx_word' id='word_1_26' title='bbox 1483 709 1558 771; x_wconf 88' lang='lat' dir='ltr'>ut</span> <span class='ocrx_word' id='word_1_27' title='bbox 1616 706 1687 770; x_wconf 91' lang='lat' dir='ltr'>in</span> <span class='ocrx_word' id='word_1_28' title='bbox 1748 706 1949 785; x_wconf 79' lang='lat' dir='ltr'>telo,‹</span> <span class='ocrx_word' id='word_1_29' title='bbox 1999 706 2236 789; x_wconf 88' lang='lat' dir='ltr'>inquit,</span> <span class='ocrx_word' id='word_1_30' title='bbox 2290 707 2526 770; x_wconf 81' lang='lat' dir='ltr'>›latro-</span> 
     </span>
     <span class='ocr_line' id='line_1_5' title="bbox 177 813 2526 897; baseline -0 -19"><span class='ocrx_word' id='word_1_31' title='bbox 177 815 284 878; x_wconf 93' lang='lat' dir='ltr'>nis</span> <span class='ocrx_word' id='word_1_32' title='bbox 347 814 647 897; x_wconf 88' lang='lat' dir='ltr'>opposita</span> <span class='ocrx_word' id='word_1_33' title='bbox 706 817 883 877; x_wconf 87' lang='lat' dir='ltr'>veste</span> <span class='ocrx_word' id='word_1_34' title='bbox 939 813 1116 877; x_wconf 89' lang='lat' dir='ltr'>eluso</span> <span class='ocrx_word' id='word_1_35' title='bbox 1177 813 1285 875; x_wconf 90' lang='lat' dir='ltr'>ille</span> <span class='ocrx_word' id='word_1_36' title='bbox 1340 833 1467 877; x_wconf 89' lang='lat' dir='ltr'>non</span> <span class='ocrx_word' id='word_1_37' title='bbox 1532 813 1742 875; x_wconf 87' lang='lat' dir='ltr'>minus</span> <span class='ocrx_word' id='word_1_38' title='bbox 1796 813 1965 876; x_wconf 86' lang='lat' dir='ltr'>latro</span> <span class='ocrx_word' id='word_1_39' title='bbox 2024 813 2144 892; x_wconf 90' lang='lat' dir='ltr'>sit,</span> <span class='ocrx_word' id='word_1_40' title='bbox 2206 813 2295 876; x_wconf 90' lang='lat' dir='ltr'>sic</span> <span class='ocrx_word' id='word_1_41' title='bbox 2344 813 2526 878; x_wconf 91' lang='lat' dir='ltr'>illum</span> 
     </span>
     <span class='ocr_line' id='line_1_6' title="bbox 176 918 2525 1002; baseline 0.001 -19"><span class='ocrx_word' id='word_1_42' title='bbox 176 942 529 996; x_wconf 86' lang='lat' dir='ltr'>venenum,</span> <span class='ocrx_word' id='word_1_43' title='bbox 593 920 771 1002; x_wconf 86' lang='lat' dir='ltr'>cujus</span> <span class='ocrx_word' id='word_1_44' title='bbox 832 919 962 982; x_wconf 86' lang='lat' dir='ltr'>vim</span> <span class='ocrx_word' id='word_1_45' title='bbox 1018 918 1277 982; x_wconf 82' lang='lat' dir='ltr'>remixti</span> <span class='ocrx_word' id='word_1_46' title='bbox 1325 918 1465 982; x_wconf 86' lang='lat' dir='ltr'>cibo</span> <span class='ocrx_word' id='word_1_47' title='bbox 1526 918 1834 1001; x_wconf 75' lang='lat' dir='ltr'>perdidit,</span> <span class='ocrx_word' id='word_1_48' title='bbox 1894 919 2106 984; x_wconf 88' lang='lat' dir='ltr'>dando</span> <span class='ocrx_word' id='word_1_49' title='bbox 2166 920 2401 983; x_wconf 87' lang='lat' dir='ltr'>scelere</span> <span class='ocrx_word' id='word_1_50' title='bbox 2458 942 2525 985; x_wconf 89' lang='lat' dir='ltr'>se</span> 
     </span>
     <span class='ocr_line' id='line_1_7' title="bbox 173 1023 2525 1110; baseline 0 -20"><span class='ocrx_word' id='word_1_51' title='bbox 173 1026 498 1110; x_wconf 86' lang='lat' dir='ltr'>obligare,</span> <span class='ocrx_word' id='word_1_52' title='bbox 546 1025 802 1089; x_wconf 87' lang='lat' dir='ltr'>etiamsi</span> <span class='ocrx_word' id='word_1_53' title='bbox 849 1047 979 1089; x_wconf 90' lang='lat' dir='ltr'>non</span> <span class='ocrx_word' id='word_1_54' title='bbox 1026 1025 1309 1089; x_wconf 70' lang='lat' dir='ltr'>nocuit«</span> <span class='ocrx_word' id='word_1_55' title='bbox 1377 1023 1587 1099; x_wconf 86' lang='lat' dir='ltr'>Quum</span> <span class='ocrx_word' id='word_1_56' title='bbox 1635 1047 1781 1089; x_wconf 87' lang='lat' dir='ltr'>vero</span> <span class='ocrx_word' id='word_1_57' title='bbox 1830 1023 2070 1089; x_wconf 83' lang='lat' dir='ltr'>Seneca</span> <span class='ocrx_word' id='word_1_58' title='bbox 2116 1026 2338 1090; x_wconf 90' lang='lat' dir='ltr'>eodem</span> <span class='ocrx_word' id='word_1_59' title='bbox 2382 1026 2525 1090; x_wconf 91' lang='lat' dir='ltr'>loco</span> 
     </span>
     <span class='ocr_line' id='line_1_8' title="bbox 174 1131 2528 1216; baseline 0 -20"><span class='ocrx_word' id='word_1_60' title='bbox 174 1136 412 1216; x_wconf 87' lang='lat' dir='ltr'>pergat</span> <span class='ocrx_word' id='word_1_61' title='bbox 464 1131 719 1195; x_wconf 79' lang='lat' dir='ltr'>»omnia</span> <span class='ocrx_word' id='word_1_62' title='bbox 774 1131 1039 1208; x_wconf 87' lang='lat' dir='ltr'>scelera,</span> <span class='ocrx_word' id='word_1_63' title='bbox 1094 1131 1288 1194; x_wconf 88' lang='lat' dir='ltr'>etiam</span> <span class='ocrx_word' id='word_1_64' title='bbox 1351 1135 1502 1195; x_wconf 87' lang='lat' dir='ltr'>ante</span> <span class='ocrx_word' id='word_1_65' title='bbox 1566 1131 1863 1195; x_wconf 87' lang='lat' dir='ltr'>effectum</span> <span class='ocrx_word' id='word_1_66' title='bbox 1910 1132 2144 1216; x_wconf 90' lang='lat' dir='ltr'>operis,</span> <span class='ocrx_word' id='word_1_67' title='bbox 2212 1135 2528 1215; x_wconf 89' lang='lat' dir='ltr'>quantum</span> 
     </span>
     <span class='ocr_line' id='line_1_9' title="bbox 168 1236 2521 1322; baseline 0 -19"><span class='ocrx_word' id='word_1_68' title='bbox 168 1239 401 1322; x_wconf 90' lang='lat' dir='ltr'>culpae</span> <span class='ocrx_word' id='word_1_69' title='bbox 447 1238 604 1309; x_wconf 89' lang='lat' dir='ltr'>satis</span> <span class='ocrx_word' id='word_1_70' title='bbox 636 1237 739 1314; x_wconf 90' lang='lat' dir='ltr'>sit,</span> <span class='ocrx_word' id='word_1_71' title='bbox 790 1237 1075 1320; x_wconf 83' lang='lat' dir='ltr'>perfecta</span> <span class='ocrx_word' id='word_1_72' title='bbox 1121 1240 1329 1314; x_wconf 82' lang='lat' dir='ltr'>sunt,‹</span> <span class='ocrx_word' id='word_1_73' title='bbox 1382 1236 1843 1320; x_wconf 84' lang='lat' dir='ltr'>Bynkershoek</span> <span class='ocrx_word' id='word_1_74' title='bbox 1888 1242 2061 1303; x_wconf 87' lang='lat' dir='ltr'>recte</span> <span class='ocrx_word' id='word_1_75' title='bbox 2093 1239 2175 1302; x_wconf 86' lang='lat' dir='ltr'>ad</span> <span class='ocrx_word' id='word_1_76' title='bbox 2215 1238 2373 1303; x_wconf 90' lang='lat' dir='ltr'>haec</span> <span class='ocrx_word' id='word_1_77' title='bbox 2407 1239 2521 1303; x_wconf 88' lang='lat' dir='ltr'>ad-</span> 
     </span>
     <span class='ocr_line' id='line_1_10' title="bbox 172 1342 2526 1427; baseline 0 -19"><span class='ocrx_word' id='word_1_78' title='bbox 172 1350 439 1408; x_wconf 78' lang='lat' dir='ltr'>notasse</span> <span class='ocrx_word' id='word_1_79' title='bbox 484 1344 645 1409; x_wconf 85' lang='lat' dir='ltr'>mihi</span> <span class='ocrx_word' id='word_1_80' title='bbox 692 1343 975 1408; x_wconf 85' lang='lat' dir='ltr'>videtur:</span> <span class='ocrx_word' id='word_1_81' title='bbox 1031 1342 1164 1407; x_wconf 81' lang='lat' dir='ltr'>»ita</span> <span class='ocrx_word' id='word_1_82' title='bbox 1209 1343 1378 1407; x_wconf 90' lang='lat' dir='ltr'>forte</span> <span class='ocrx_word' id='word_1_83' title='bbox 1423 1343 1877 1426; x_wconf 89' lang='lat' dir='ltr'>philosophus,</span> <span class='ocrx_word' id='word_1_84' title='bbox 1923 1366 2054 1407; x_wconf 90' lang='lat' dir='ltr'>non</span> <span class='ocrx_word' id='word_1_85' title='bbox 2087 1344 2183 1418; x_wconf 82' lang='lat' dir='ltr'>ita</span> <span class='ocrx_word' id='word_1_86' title='bbox 2206 1345 2526 1427; x_wconf 88' lang='lat' dir='ltr'>juriscon-</span> 
     </span>
     <span class='ocr_line' id='line_1_11' title="bbox 177 1449 2526 1533; baseline 0 -18"><span class='ocrx_word' id='word_1_87' title='bbox 177 1451 416 1528; x_wconf 82' lang='lat' dir='ltr'>sultuS,</span> <span class='ocrx_word' id='word_1_88' title='bbox 479 1451 657 1532; x_wconf 87' lang='lat' dir='ltr'>cujus</span> <span class='ocrx_word' id='word_1_89' title='bbox 717 1453 935 1533; x_wconf 89' lang='lat' dir='ltr'>partes</span> <span class='ocrx_word' id='word_1_90' title='bbox 986 1472 1161 1514; x_wconf 89' lang='lat' dir='ltr'>nunc</span> <span class='ocrx_word' id='word_1_91' title='bbox 1217 1471 1472 1532; x_wconf 87' lang='lat' dir='ltr'>quoque</span> <span class='ocrx_word' id='word_1_92' title='bbox 1532 1450 1815 1533; x_wconf 77' lang='lat' dir='ltr'>agimus,</span> <span class='ocrx_word' id='word_1_93' title='bbox 1839 1475 1867 1509; x_wconf 82' lang='grc'><strong>«</strong></span> <span class='ocrx_word' id='word_1_94' title='bbox 1922 1449 2190 1531; x_wconf 87' lang='lat' dir='ltr'>judicat.</span> <span class='ocrx_word' id='word_1_95' title='bbox 2284 1450 2526 1516; x_wconf 90' lang='lat' dir='ltr'>Admo-</span> 
     </span>
     <span class='ocr_line' id='line_1_12' title="bbox 172 1556 2526 1641; baseline 0 -20"><span class='ocrx_word' id='word_1_96' title='bbox 172 1557 374 1621; x_wconf 91' lang='lat' dir='ltr'>nendi</span> <span class='ocrx_word' id='word_1_97' title='bbox 431 1579 647 1621; x_wconf 90' lang='lat' dir='ltr'>sumus</span> <span class='ocrx_word' id='word_1_98' title='bbox 709 1556 831 1620; x_wconf 88' lang='lat' dir='ltr'>hoc</span> <span class='ocrx_word' id='word_1_99' title='bbox 886 1557 1031 1620; x_wconf 89' lang='lat' dir='ltr'>loco</span> <span class='ocrx_word' id='word_1_100' title='bbox 1049 1605 1064 1635; x_wconf 92' lang='lat'>,</span> <span class='ocrx_word' id='word_1_101' title='bbox 1124 1577 1427 1640; x_wconf 88' lang='lat' dir='ltr'>magnum</span> <span class='ocrx_word' id='word_1_102' title='bbox 1487 1578 1607 1620; x_wconf 90' lang='lat' dir='ltr'>nec</span> <span class='ocrx_word' id='word_1_103' title='bbox 1666 1556 1887 1641; x_wconf 88' lang='lat' dir='ltr'>paullo</span> <span class='ocrx_word' id='word_1_104' title='bbox 1947 1556 2077 1620; x_wconf 91' lang='lat' dir='ltr'>illis</span> <span class='ocrx_word' id='word_1_105' title='bbox 2132 1557 2526 1640; x_wconf 75' lang='lat' dir='ltr'>temporibus</span> 
     </span>
     <span class='ocr_line' id='line_1_13' title="bbox 169 1662 2527 1746; baseline -0 -18"><span class='ocrx_word' id='word_1_106' title='bbox 169 1664 465 1728; x_wconf 89' lang='lat' dir='ltr'>crebrum</span> <span class='ocrx_word' id='word_1_107' title='bbox 511 1662 864 1746; x_wconf 89' lang='lat' dir='ltr'>periculum</span> <span class='ocrx_word' id='word_1_108' title='bbox 912 1684 1080 1739; x_wconf 84' lang='lat' dir='ltr'>esse,</span> <span class='ocrx_word' id='word_1_109' title='bbox 1144 1663 1315 1745; x_wconf 88' lang='lat' dir='ltr'>quod</span> <span class='ocrx_word' id='word_1_110' title='bbox 1378 1684 1455 1726; x_wconf 86' lang='lat' dir='ltr'>ex</span> <span class='ocrx_word' id='word_1_111' title='bbox 1512 1684 1635 1726; x_wconf 89' lang='lat' dir='ltr'>usu</span> <span class='ocrx_word' id='word_1_112' title='bbox 1691 1663 1920 1726; x_wconf 87' lang='lat' dir='ltr'>veneni</span> <span class='ocrx_word' id='word_1_113' title='bbox 1966 1663 2240 1739; x_wconf 85' lang='lat' dir='ltr'>oriatur,</span> <span class='ocrx_word' id='word_1_114' title='bbox 2299 1663 2527 1729; x_wconf 91' lang='lat' dir='ltr'>deinde</span> 
     </span>
     <span class='ocr_line' id='line_1_14' title="bbox 173 1768 2525 1853; baseline 0 -20"><span class='ocrx_word' id='word_1_115' title='bbox 173 1792 313 1834; x_wconf 86' lang='lat' dir='ltr'>esse</span> <span class='ocrx_word' id='word_1_116' title='bbox 359 1769 598 1833; x_wconf 90' lang='lat' dir='ltr'>malum</span> <span class='ocrx_word' id='word_1_117' title='bbox 642 1768 999 1852; x_wconf 85' lang='lat' dir='ltr'>exemplum</span> <span class='ocrx_word' id='word_1_118' title='bbox 1019 1816 1033 1845; x_wconf 94' lang='lat'>,</span> <span class='ocrx_word' id='word_1_119' title='bbox 1060 1769 1258 1852; x_wconf 74' lang='lat' dir='ltr'>quod</span> <span class='ocrx_word' id='word_1_120' title='bbox 1303 1769 1592 1851; x_wconf 87' lang='lat' dir='ltr'>alioquin</span> <span class='ocrx_word' id='word_1_121' title='bbox 1638 1768 1834 1832; x_wconf 88' lang='lat' dir='ltr'>toties</span> <span class='ocrx_word' id='word_1_122' title='bbox 1882 1790 2073 1833; x_wconf 91' lang='lat' dir='ltr'>causa</span> <span class='ocrx_word' id='word_1_123' title='bbox 2103 1769 2316 1853; x_wconf 88' lang='lat' dir='ltr'>legum</span> <span class='ocrx_word' id='word_1_124' title='bbox 2347 1775 2525 1834; x_wconf 87' lang='lat' dir='ltr'>atro-</span> 
     </span>
     <span class='ocr_line' id='line_1_15' title="bbox 174 1874 2528 1958; baseline -0.001 -17"><span class='ocrx_word' id='word_1_125' title='bbox 174 1876 578 1942; x_wconf 90' lang='lat' dir='ltr'>cissimarum</span> <span class='ocrx_word' id='word_1_126' title='bbox 624 1875 962 1958; x_wconf 85' lang='lat' dir='ltr'>reperitur,</span> <span class='ocrx_word' id='word_1_127' title='bbox 1012 1874 1305 1958; x_wconf 90' lang='lat' dir='ltr'>quodque</span> <span class='ocrx_word' id='word_1_128' title='bbox 1350 1874 1711 1958; x_wconf 84' lang='lat' dir='ltr'>legislatori</span> <span class='ocrx_word' id='word_1_129' title='bbox 1765 1896 1997 1958; x_wconf 87' lang='lat' dir='ltr'>nempe</span> <span class='ocrx_word' id='word_1_130' title='bbox 2057 1875 2113 1938; x_wconf 86' lang='lat' dir='ltr'>is</span> <span class='ocrx_word' id='word_1_131' title='bbox 2159 1876 2528 1958; x_wconf 84' lang='lat' dir='ltr'>praebuisse</span> 
     </span>
     <span class='ocr_line' id='line_1_16' title="bbox 174 1981 2524 2064; baseline 0 -19"><span class='ocrx_word' id='word_1_132' title='bbox 174 1981 348 2046; x_wconf 85' lang='lat' dir='ltr'>visus</span> <span class='ocrx_word' id='word_1_133' title='bbox 380 1992 510 2059; x_wconf 87' lang='lat' dir='ltr'>est,</span> <span class='ocrx_word' id='word_1_134' title='bbox 561 1981 672 2064; x_wconf 90' lang='lat' dir='ltr'>qui</span> <span class='ocrx_word' id='word_1_135' title='bbox 704 1982 894 2064; x_wconf 89' lang='lat' dir='ltr'>culpa</span> <span class='ocrx_word' id='word_1_136' title='bbox 924 1981 1372 2047; x_wconf 89' lang='lat' dir='ltr'>tantummodo</span> <span class='ocrx_word' id='word_1_137' title='bbox 1403 2000 1721 2045; x_wconf 84' lang='lat' dir='ltr'>venenum</span> <span class='ocrx_word' id='word_1_138' title='bbox 1752 1986 1978 2045; x_wconf 88' lang='lat' dir='ltr'>nactus</span> <span class='ocrx_word' id='word_1_139' title='bbox 2020 1985 2191 2058; x_wconf 84' lang='lat' dir='ltr'>erat;</span> <span class='ocrx_word' id='word_1_140' title='bbox 2242 1982 2524 2061; x_wconf 88' lang='lat' dir='ltr'>tertium,</span> 
     </span>
     <span class='ocr_line' id='line_1_17' title="bbox 172 2087 2524 2172; baseline 0 -21"><span class='ocrx_word' id='word_1_141' title='bbox 172 2109 309 2152; x_wconf 90' lang='lat' dir='ltr'>non</span> <span class='ocrx_word' id='word_1_142' title='bbox 355 2091 488 2151; x_wconf 87' lang='lat' dir='ltr'>tam</span> <span class='ocrx_word' id='word_1_143' title='bbox 534 2110 747 2152; x_wconf 89' lang='lat' dir='ltr'>rerum</span> <span class='ocrx_word' id='word_1_144' title='bbox 793 2088 1135 2172; x_wconf 82' lang='lat' dir='ltr'>grandem,</span> <span class='ocrx_word' id='word_1_145' title='bbox 1187 2109 1351 2171; x_wconf 87' lang='lat' dir='ltr'>quae</span> <span class='ocrx_word' id='word_1_146' title='bbox 1397 2087 1480 2151; x_wconf 90' lang='lat' dir='ltr'>ad</span> <span class='ocrx_word' id='word_1_147' title='bbox 1528 2090 1732 2151; x_wconf 88' lang='lat' dir='ltr'>artem</span> <span class='ocrx_word' id='word_1_148' title='bbox 1762 2088 2143 2152; x_wconf 83' lang='lat' dir='ltr'>medicinam</span> <span class='ocrx_word' id='word_1_149' title='bbox 2175 2088 2524 2171; x_wconf 80' lang='lat' dir='ltr'>pertinent,</span> 
     </span>
     <span class='ocr_line' id='line_1_18' title="bbox 176 2193 2525 2278; baseline 0 -20"><span class='ocrx_word' id='word_1_150' title='bbox 176 2193 484 2276; x_wconf 84' lang='lat' dir='ltr'>peritiam</span> <span class='ocrx_word' id='word_1_151' title='bbox 527 2193 968 2258; x_wconf 87' lang='lat' dir='ltr'>Romanorum</span> <span class='ocrx_word' id='word_1_152' title='bbox 1014 2193 1240 2269; x_wconf 90' lang='lat' dir='ltr'>fuisse,</span> <span class='ocrx_word' id='word_1_153' title='bbox 1289 2194 1401 2277; x_wconf 91' lang='lat' dir='ltr'>qui</span> <span class='ocrx_word' id='word_1_154' title='bbox 1448 2196 1650 2270; x_wconf 89' lang='lat' dir='ltr'>certe,</span> <span class='ocrx_word' id='word_1_155' title='bbox 1702 2215 2016 2277; x_wconf 85' lang='lat' dir='ltr'>quaenam</span> <span class='ocrx_word' id='word_1_156' title='bbox 2064 2215 2309 2259; x_wconf 89' lang='lat' dir='ltr'>venena</span> <span class='ocrx_word' id='word_1_157' title='bbox 2354 2194 2525 2278; x_wconf 61' lang='lat' dir='ltr'>peri-2</span> 
     </span>
     <span class='ocr_line' id='line_1_19' title="bbox 173 2299 2523 2383; baseline -0.001 -18"><span class='ocrx_word' id='word_1_158' title='bbox 173 2300 397 2365; x_wconf 89' lang='lat' dir='ltr'>culosa</span> <span class='ocrx_word' id='word_1_159' title='bbox 451 2300 582 2363; x_wconf 89' lang='lat' dir='ltr'>sint</span> <span class='ocrx_word' id='word_1_160' title='bbox 639 2322 873 2376; x_wconf 84' lang='lat' dir='ltr'>necne,</span> <span class='ocrx_word' id='word_1_161' title='bbox 937 2300 1314 2378; x_wconf 86' lang='lat' dir='ltr'>nescierint,</span> <span class='ocrx_word' id='word_1_162' title='bbox 1375 2300 1519 2383; x_wconf 89' lang='lat' dir='ltr'>qui,</span> <span class='ocrx_word' id='word_1_163' title='bbox 1577 2299 1777 2364; x_wconf 87' lang='lat' dir='ltr'>veluti</span> <span class='ocrx_word' id='word_1_164' title='bbox 1829 2299 2226 2378; x_wconf 90' lang='lat' dir='ltr'>Marcianus,</span> <span class='ocrx_word' id='word_1_165' title='bbox 2290 2300 2523 2365; x_wconf 88' lang='lat' dir='ltr'>distin-</span> 
     </span>
     <span class='ocr_line' id='line_1_20' title="bbox 171 2405 2523 2491; baseline 0 -21"><span class='ocrx_word' id='word_1_166' title='bbox 171 2408 389 2491; x_wconf 89' lang='lat' dir='ltr'>guunt</span> <span class='ocrx_word' id='word_1_167' title='bbox 434 2405 556 2471; x_wconf 89' lang='lat' dir='ltr'>hoc</span> <span class='ocrx_word' id='word_1_168' title='bbox 603 2406 822 2471; x_wconf 90' lang='lat' dir='ltr'>modo:</span> <span class='ocrx_word' id='word_1_169' title='bbox 874 2410 988 2471; x_wconf 86' lang='lat' dir='ltr'>aut</span> <span class='ocrx_word' id='word_1_170' title='bbox 1033 2405 1389 2490; x_wconf 87' lang='lat' dir='ltr'>periculosa</span> <span class='ocrx_word' id='word_1_171' title='bbox 1435 2409 1589 2470; x_wconf 89' lang='lat' dir='ltr'>sunt</span> <span class='ocrx_word' id='word_1_172' title='bbox 1633 2406 1905 2484; x_wconf 84' lang='lat' dir='ltr'>venena,</span> <span class='ocrx_word' id='word_1_173' title='bbox 1957 2408 2070 2471; x_wconf 88' lang='lat' dir='ltr'>aut</span> <span class='ocrx_word' id='word_1_174' title='bbox 2109 2428 2240 2471; x_wconf 92' lang='lat' dir='ltr'>non</span> <span class='ocrx_word' id='word_1_175' title='bbox 2272 2407 2523 2490; x_wconf 88' lang='lat' dir='ltr'>pericu-</span> 
     </span>
     <span class='ocr_line' id='line_1_21' title="bbox 174 2513 2525 2597; baseline 0.002 -21"><span class='ocrx_word' id='word_1_176' title='bbox 174 2514 319 2578; x_wconf 87' lang='lat' dir='ltr'>losa</span> <span class='ocrx_word' id='word_1_177' title='bbox 366 2516 479 2576; x_wconf 90' lang='lat' dir='ltr'>aut</span> <span class='ocrx_word' id='word_1_178' title='bbox 524 2513 843 2596; x_wconf 85' lang='lat' dir='ltr'>quoddam</span> <span class='ocrx_word' id='word_1_179' title='bbox 889 2535 1008 2577; x_wconf 91' lang='lat' dir='ltr'>nec</span> <span class='ocrx_word' id='word_1_180' title='bbox 1054 2535 1250 2576; x_wconf 89' lang='lat' dir='ltr'>unum</span> <span class='ocrx_word' id='word_1_181' title='bbox 1279 2535 1397 2578; x_wconf 88' lang='lat' dir='ltr'>nec</span> <span class='ocrx_word' id='word_1_182' title='bbox 1427 2514 1738 2590; x_wconf 87' lang='lat' dir='ltr'>alterum,</span> <span class='ocrx_word' id='word_1_183' title='bbox 1789 2514 1901 2597; x_wconf 88' lang='lat' dir='ltr'>qui</span> <span class='ocrx_word' id='word_1_184' title='bbox 1942 2514 2202 2578; x_wconf 86' lang='lat' dir='ltr'>tandem</span> <span class='ocrx_word' id='word_1_185' title='bbox 2233 2551 2321 2560; x_wconf 92' lang='lat'>——</span> <span class='ocrx_word' id='word_1_186' title='bbox 2352 2514 2525 2580; x_wconf 90' lang='lat' dir='ltr'>aliud</span> 
     </span>
     <span class='ocr_line' id='line_1_22' title="bbox 175 2618 2526 2704; baseline 0.001 -21"><span class='ocrx_word' id='word_1_187' title='bbox 175 2619 303 2683; x_wconf 88' lang='lat' dir='ltr'>hoc</span> <span class='ocrx_word' id='word_1_188' title='bbox 349 2623 448 2683; x_wconf 88' lang='lat' dir='ltr'>est</span> <span class='ocrx_word' id='word_1_189' title='bbox 494 2618 1131 2684; x_wconf 85' lang='lat' dir='ltr'>Senatusconsultum</span> <span class='ocrx_word' id='word_1_190' title='bbox 1190 2656 1256 2664; x_wconf 88' lang='lat'>—</span> <span class='ocrx_word' id='word_1_191' title='bbox 1315 2620 1748 2704; x_wconf 86' lang='lat' dir='ltr'>pigmentario</span> <span class='ocrx_word' id='word_1_192' title='bbox 1793 2619 1922 2696; x_wconf 88' lang='lat' dir='ltr'>illi,</span> <span class='ocrx_word' id='word_1_193' title='bbox 1973 2620 2084 2703; x_wconf 89' lang='lat' dir='ltr'>qui</span> <span class='ocrx_word' id='word_1_194' title='bbox 2129 2623 2368 2684; x_wconf 83' lang='lat' dir='ltr'>temere</span> <span class='ocrx_word' id='word_1_195' title='bbox 2414 2621 2526 2686; x_wconf 85' lang='lat' dir='ltr'>de-</span> 
     </span>
     <span class='ocr_line' id='line_1_23' title="bbox 173 2725 2525 2809; baseline 0.001 -20"><span class='ocrx_word' id='word_1_196' title='bbox 173 2725 347 2790; x_wconf 86' lang='lat' dir='ltr'>derit</span> <span class='ocrx_word' id='word_1_197' title='bbox 368 2774 383 2802; x_wconf 86' lang='lat'>,</span> <span class='ocrx_word' id='word_1_198' title='bbox 447 2726 806 2789; x_wconf 80' lang='lat' dir='ltr'>vendiderit</span> <span class='ocrx_word' id='word_1_199' title='bbox 864 2726 1139 2792; x_wconf 87' lang='lat' dir='ltr'>cicutam</span> <span class='ocrx_word' id='word_1_200' title='bbox 1156 2775 1171 2803; x_wconf 86' lang='lat'>,</span> <span class='ocrx_word' id='word_1_201' title='bbox 1219 2726 1687 2801; x_wconf 81' lang='lat' dir='ltr'>salamandram</span> <span class='ocrx_word' id='word_1_202' title='bbox 1706 2776 1721 2805; x_wconf 91' lang='lat'>,</span> <span class='ocrx_word' id='word_1_203' title='bbox 1781 2726 2138 2809; x_wconf 85' lang='lat' dir='ltr'>buprestin,</span> <span class='ocrx_word' id='word_1_204' title='bbox 2201 2727 2525 2792; x_wconf 84' lang='lat' dir='ltr'>aconitum</span> 
     </span>
     <span class='ocr_line' id='line_1_24' title="bbox 174 2832 2527 2916; baseline 0.001 -22"><span class='ocrx_word' id='word_1_205' title='bbox 174 2853 463 2915; x_wconf 77' lang='lat' dir='ltr'>quoque,</span> <span class='ocrx_word' id='word_1_206' title='bbox 540 2832 1018 2915; x_wconf 77' lang='lat' dir='ltr'>pityocampaS,</span> <span class='ocrx_word' id='word_1_207' title='bbox 1092 2832 1567 2916; x_wconf 85' lang='lat' dir='ltr'>mandragoran</span> <span class='ocrx_word' id='word_1_208' title='bbox 1626 2832 1790 2916; x_wconf 89' lang='lat' dir='ltr'>legis</span> <span class='ocrx_word' id='word_1_209' title='bbox 1852 2832 2185 2896; x_wconf 83' lang='lat' dir='ltr'>Corneliae</span> <span class='ocrx_word' id='word_1_210' title='bbox 2250 2854 2527 2915; x_wconf 90' lang='lat' dir='ltr'>poenam</span> 
     </span>
     <span class='ocr_line' id='line_1_25' title="bbox 174 2938 2526 3022; baseline 0.001 -20"><span class='ocrx_word' id='word_1_211' title='bbox 174 2938 684 3014; x_wconf 81' lang='lat' dir='ltr'>minitabantur3</span> <span class='ocrx_word' id='word_1_212' title='bbox 732 2961 865 3003; x_wconf 91' lang='lat' dir='ltr'>non</span> <span class='ocrx_word' id='word_1_213' title='bbox 912 2938 1286 3002; x_wconf 87' lang='lat' dir='ltr'>mirabimur</span> <span class='ocrx_word' id='word_1_214' title='bbox 1329 2939 1490 3004; x_wconf 86' lang='lat' dir='ltr'>haec</span> <span class='ocrx_word' id='word_1_215' title='bbox 1522 2938 1740 3003; x_wconf 87' lang='lat' dir='ltr'>omnia</span> <span class='ocrx_word' id='word_1_216' title='bbox 1771 2939 2302 3022; x_wconf 85' lang='lat' dir='ltr'>contemplantes,</span> <span class='ocrx_word' id='word_1_217' title='bbox 2354 2941 2526 3022; x_wconf 90' lang='lat' dir='ltr'>quod</span> 
     </span>
     <span class='ocr_line' id='line_1_26' title="bbox 176 3043 2526 3128; baseline 0.001 -20"><span class='ocrx_word' id='word_1_218' title='bbox 176 3043 459 3108; x_wconf 84' lang='lat' dir='ltr'>Romani</span> <span class='ocrx_word' id='word_1_219' title='bbox 507 3043 986 3109; x_wconf 84' lang='lat' dir='ltr'>distinctionem</span> <span class='ocrx_word' id='word_1_220' title='bbox 1040 3044 1212 3108; x_wconf 89' lang='lat' dir='ltr'>inter</span> <span class='ocrx_word' id='word_1_221' title='bbox 1258 3044 1453 3108; x_wconf 85' lang='lat' dir='ltr'>noxia</span> <span class='ocrx_word' id='word_1_222' title='bbox 1499 3049 1565 3109; x_wconf 90' lang='lat' dir='ltr'>et</span> <span class='ocrx_word' id='word_1_223' title='bbox 1611 3044 1876 3109; x_wconf 85' lang='lat' dir='ltr'>innoxia</span> <span class='ocrx_word' id='word_1_224' title='bbox 1936 3066 2181 3110; x_wconf 88' lang='lat' dir='ltr'>venena</span> <span class='ocrx_word' id='word_1_225' title='bbox 2226 3067 2526 3128; x_wconf 87' lang='lat' dir='ltr'>seposue-</span> 
     </span>
     <span class='ocr_line' id='line_1_27' title="bbox 172 3147 2529 3238; baseline 0.001 -24"><span class='ocrx_word' id='word_1_226' title='bbox 172 3151 344 3228; x_wconf 88' lang='lat' dir='ltr'>rint,</span> <span class='ocrx_word' id='word_1_227' title='bbox 395 3150 800 3233; x_wconf 88' lang='lat' dir='ltr'>praesertim,</span> <span class='ocrx_word' id='word_1_228' title='bbox 862 3173 1060 3233; x_wconf 88' lang='lat' dir='ltr'>quum</span> <span class='ocrx_word' id='word_1_229' title='bbox 1094 3151 1233 3233; x_wconf 87' lang='lat' dir='ltr'>jam</span> <span class='ocrx_word' id='word_1_230' title='bbox 1261 3147 1433 3238; x_wconf 78' lang='lat' dir='ltr'>hic1)</span> <span class='ocrx_word' id='word_1_231' title='bbox 1463 3150 1923 3235; x_wconf 84' lang='lat' dir='ltr'>superstitione</span> <span class='ocrx_word' id='word_1_232' title='bbox 1968 3151 2298 3235; x_wconf 90' lang='lat' dir='ltr'>coeperint</span> <span class='ocrx_word' id='word_1_233' title='bbox 2329 3153 2529 3217; x_wconf 87' lang='lat' dir='ltr'>animi</span> 
     </span>
     <span class='ocr_line' id='line_1_28' title="bbox 173 3255 2524 3341; baseline 0.001 -22"><span class='ocrx_word' id='word_1_234' title='bbox 173 3255 656 3341; x_wconf 88' lang='lat' dir='ltr'>perhorrescere</span> <span class='ocrx_word' id='word_1_235' title='bbox 674 3307 688 3335; x_wconf 99' lang='lat'>,</span> <span class='ocrx_word' id='word_1_236' title='bbox 749 3256 938 3320; x_wconf 88' lang='lat' dir='ltr'>sicuti</span> <span class='ocrx_word' id='word_1_237' title='bbox 997 3257 1270 3339; x_wconf 87' lang='lat' dir='ltr'>exempli</span> <span class='ocrx_word' id='word_1_238' title='bbox 1323 3258 1541 3341; x_wconf 86' lang='lat' dir='ltr'>gratia</span> <span class='ocrx_word' id='word_1_239' title='bbox 1600 3257 1793 3341; x_wconf 85' lang='lat' dir='ltr'>vulgo</span> <span class='ocrx_word' id='word_1_240' title='bbox 1852 3257 2022 3339; x_wconf 89' lang='lat' dir='ltr'>apud</span> <span class='ocrx_word' id='word_1_241' title='bbox 2079 3279 2196 3321; x_wconf 91' lang='lat' dir='ltr'>nos</span> <span class='ocrx_word' id='word_1_242' title='bbox 2242 3258 2524 3336; x_wconf 82' lang='lat' dir='ltr'>sulfuris,</span> 
     </span>
     <span class='ocr_line' id='line_1_29' title="bbox 174 3362 2525 3445; baseline 0 -18"><span class='ocrx_word' id='word_1_243' title='bbox 174 3363 627 3428; x_wconf 87' lang='lat' dir='ltr'>medicamenti</span> <span class='ocrx_word' id='word_1_244' title='bbox 705 3363 895 3445; x_wconf 88' lang='lat' dir='ltr'>plane</span> <span class='ocrx_word' id='word_1_245' title='bbox 954 3363 1205 3427; x_wconf 84' lang='lat' dir='ltr'>innoxii</span> <span class='ocrx_word' id='word_1_246' title='bbox 1280 3385 1413 3427; x_wconf 88' lang='lat' dir='ltr'>non</span> <span class='ocrx_word' id='word_1_247' title='bbox 1486 3366 1638 3427; x_wconf 90' lang='lat' dir='ltr'>sunt</span> <span class='ocrx_word' id='word_1_248' title='bbox 1715 3362 2143 3427; x_wconf 82' lang='lat' dir='ltr'>amantissimi</span> <span class='ocrx_word' id='word_1_249' title='bbox 2214 3364 2525 3428; x_wconf 87' lang='lat' dir='ltr'>homines.</span> 
     </span>
     <span class='ocr_line' id='line_1_30' title="bbox 175 3468 2525 3552; baseline 0 -18"><span class='ocrx_word' id='word_1_250' title='bbox 175 3470 322 3534; x_wconf 89' lang='lat' dir='ltr'>Hac</span> <span class='ocrx_word' id='word_1_251' title='bbox 352 3470 522 3533; x_wconf 91' lang='lat' dir='ltr'>enim</span> <span class='ocrx_word' id='word_1_252' title='bbox 565 3470 635 3533; x_wconf 91' lang='lat' dir='ltr'>in</span> <span class='ocrx_word' id='word_1_253' title='bbox 664 3469 1006 3533; x_wconf 89' lang='lat' dir='ltr'>inscientia</span> <span class='ocrx_word' id='word_1_254' title='bbox 1037 3491 1111 3533; x_wconf 93' lang='lat' dir='ltr'>ac</span> <span class='ocrx_word' id='word_1_255' title='bbox 1157 3469 1347 3533; x_wconf 89' lang='lat' dir='ltr'>simul</span> <span class='ocrx_word' id='word_1_256' title='bbox 1392 3468 1852 3552; x_wconf 88' lang='lat' dir='ltr'>superstitione</span> <span class='ocrx_word' id='word_1_257' title='bbox 1898 3477 2103 3534; x_wconf 86' lang='lat' dir='ltr'>cessat</span> <span class='ocrx_word' id='word_1_258' title='bbox 2151 3469 2263 3534; x_wconf 87' lang='lat' dir='ltr'>illa</span> <span class='ocrx_word' id='word_1_259' title='bbox 2294 3470 2525 3535; x_wconf 83' lang='lat' dir='ltr'>distin-</span> 
     </span>
     <span class='ocr_line' id='line_1_31' title="bbox 179 3572 2527 3661; baseline 0 -21"><span class='ocrx_word' id='word_1_260' title='bbox 179 3576 334 3653; x_wconf 78' lang='lat' dir='ltr'>otio,</span> <span class='ocrx_word' id='word_1_261' title='bbox 382 3578 597 3640; x_wconf 90' lang='lat' dir='ltr'>utrum</span> <span class='ocrx_word' id='word_1_262' title='bbox 641 3575 908 3650; x_wconf 85' lang='lat' dir='ltr'>noxium</span> <span class='ocrx_word' id='word_1_263' title='bbox 954 3576 1042 3641; x_wconf 88' lang='lat' dir='ltr'>sit</span> <span class='ocrx_word' id='word_1_264' title='bbox 1084 3595 1285 3640; x_wconf 88' lang='lat' dir='ltr'>necne</span> <span class='ocrx_word' id='word_1_265' title='bbox 1331 3576 1848 3653; x_wconf 86' lang='lat' dir='ltr'>instrumentum,</span> <span class='ocrx_word' id='word_1_266' title='bbox 1927 3574 2005 3640; x_wconf 85' lang='lat' dir='ltr'>cf.</span> <span class='ocrx_word' id='word_1_267' title='bbox 2055 3572 2189 3661; x_wconf 81' lang='lat'>(48,</span> <span class='ocrx_word' id='word_1_268' title='bbox 2239 3575 2306 3658; x_wconf 83' lang='lat'>8)</span> <span class='ocrx_word' id='word_1_269' title='bbox 2354 3577 2396 3640; x_wconf 90' lang='lat' dir='ltr'>l.</span> <span class='ocrx_word' id='word_1_270' title='bbox 2446 3579 2527 3642; x_wconf 87' lang='lat'>13</span> 
     </span>
     <span class='ocr_line' id='line_1_32' title="bbox 173 3682 601 3748; baseline 0 0"><span class='ocrx_word' id='word_1_271' title='bbox 173 3682 601 3748; x_wconf 89' lang='lat' dir='ltr'>Modestinus.</span> 
     </span>
    </p>

    <p class='ocr_par' dir='ltr' id='par_1_3' title="bbox 174 3788 2528 4085">
     <span class='ocr_line' id='line_1_33' title="bbox 359 3788 2528 3872; baseline 0 -19"><span class='ocrx_word' id='word_1_272' title='bbox 359 3788 534 3865; x_wconf 85' lang='lat' dir='ltr'>Quae</span> <span class='ocrx_word' id='word_1_273' title='bbox 580 3789 635 3853; x_wconf 89' lang='lat' dir='ltr'>si</span> <span class='ocrx_word' id='word_1_274' title='bbox 681 3789 898 3853; x_wconf 90' lang='lat' dir='ltr'>omnia</span> <span class='ocrx_word' id='word_1_275' title='bbox 960 3789 1037 3853; x_wconf 90' lang='lat' dir='ltr'>de</span> <span class='ocrx_word' id='word_1_276' title='bbox 1076 3788 1221 3872; x_wconf 85' lang='lat' dir='ltr'>jure</span> <span class='ocrx_word' id='word_1_277' title='bbox 1268 3788 1439 3871; x_wconf 87' lang='lat' dir='ltr'>apud</span> <span class='ocrx_word' id='word_1_278' title='bbox 1485 3788 1808 3853; x_wconf 86' lang='lat' dir='ltr'>Romanos</span> <span class='ocrx_word' id='word_1_279' title='bbox 1868 3788 2189 3852; x_wconf 87' lang='lat' dir='ltr'>criminali</span> <span class='ocrx_word' id='word_1_280' title='bbox 2235 3789 2528 3872; x_wconf 84' lang='lat' dir='ltr'>exposita</span> 
     </span>
     <span class='ocr_line' id='line_1_34' title="bbox 174 3894 2527 3979; baseline -0.001 -19"><span class='ocrx_word' id='word_1_281' title='bbox 174 3895 793 3978; x_wconf 86' lang='lat' dir='ltr'>comprehendimus,</span> <span class='ocrx_word' id='word_1_282' title='bbox 841 3895 1175 3961; x_wconf 89' lang='lat' dir='ltr'>dicendum</span> <span class='ocrx_word' id='word_1_283' title='bbox 1221 3899 1339 3973; x_wconf 89' lang='lat' dir='ltr'>est,</span> <span class='ocrx_word' id='word_1_284' title='bbox 1388 3895 1716 3959; x_wconf 81' lang='lat' dir='ltr'>Romanos</span> <span class='ocrx_word' id='word_1_285' title='bbox 1763 3894 2161 3960; x_wconf 85' lang='lat' dir='ltr'>observando</span> <span class='ocrx_word' id='word_1_286' title='bbox 2209 3896 2527 3979; x_wconf 88' lang='lat' dir='ltr'>generali-</span> 
     </span>
     <span class='ocr_line' id='line_1_35' title="bbox 175 4001 2525 4085; baseline -0.001 -18"><span class='ocrx_word' id='word_1_287' title='bbox 175 4006 275 4067; x_wconf 91' lang='lat' dir='ltr'>ter</span> <span class='ocrx_word' id='word_1_288' title='bbox 323 4001 712 4085; x_wconf 83' lang='lat' dir='ltr'>objectivum</span> <span class='ocrx_word' id='word_1_289' title='bbox 757 4001 1145 4085; x_wconf 87' lang='lat' dir='ltr'>principium</span> <span class='ocrx_word' id='word_1_290' title='bbox 1163 4048 1179 4080; x_wconf 87' lang='lat'>‚</span> <span class='ocrx_word' id='word_1_291' title='bbox 1228 4005 1535 4066; x_wconf 89' lang='lat' dir='ltr'>conatum</span> <span class='ocrx_word' id='word_1_292' title='bbox 1580 4006 1653 4065; x_wconf 90' lang='lat' dir='ltr'>ut</span> <span class='ocrx_word' id='word_1_293' title='bbox 1698 4001 1768 4066; x_wconf 89' lang='lat' dir='ltr'>in</span> <span class='ocrx_word' id='word_1_294' title='bbox 1813 4001 2086 4085; x_wconf 84' lang='lat' dir='ltr'>singulis</span> <span class='ocrx_word' id='word_1_295' title='bbox 2118 4005 2375 4065; x_wconf 90' lang='lat' dir='ltr'>tantum</span> <span class='ocrx_word' id='word_1_296' title='bbox 2421 4023 2525 4065; x_wconf 88' lang='lat' dir='ltr'>ca-</span> 
     </span>
    </p>
   </div>
   <div class='ocr_carea' id='block_1_3' title="bbox 172 4247 2526 4407">
    <p class='ocr_par' dir='ltr' id='par_1_4' title="bbox 172 4247 2526 4407">
     <span class='ocr_line' id='line_1_36' title="bbox 356 4247 2526 4320; baseline 0 -17"><span class='ocrx_word' id='word_1_297' title='bbox 356 4248 400 4318; x_wconf 78' lang='lat'>1)</span> <span class='ocrx_word' id='word_1_298' title='bbox 433 4249 506 4304; x_wconf 83' lang='lat' dir='ltr'>cf.</span> <span class='ocrx_word' id='word_1_299' title='bbox 550 4249 621 4303; x_wconf 85' lang='lat' dir='ltr'>ad</span> <span class='ocrx_word' id='word_1_300' title='bbox 667 4249 829 4313; x_wconf 76' lang='lat' dir='ltr'>haec;</span> <span class='ocrx_word' id='word_1_301' title='bbox 875 4265 1015 4318; x_wconf 84' lang='lat' dir='ltr'>quae</span> <span class='ocrx_word' id='word_1_302' title='bbox 1058 4249 1274 4320; x_wconf 79' lang='lat' dir='ltr'>Abegg‚</span> <span class='ocrx_word' id='word_1_303' title='bbox 1320 4248 1429 4303; x_wconf 88' lang='lat' dir='ltr'>Der</span> <span class='ocrx_word' id='word_1_304' title='bbox 1464 4248 1815 4318; x_wconf 81' lang='lat' dir='ltr'>Aberglaube</span> <span class='ocrx_word' id='word_1_305' title='bbox 1858 4248 1974 4303; x_wconf 88' lang='lat' dir='ltr'>und</span> <span class='ocrx_word' id='word_1_306' title='bbox 2008 4248 2106 4303; x_wconf 74' lang='lat' dir='ltr'>dan</span> <span class='ocrx_word' id='word_1_307' title='bbox 2155 4247 2526 4304; x_wconf 79' lang='lat' dir='ltr'>Verbrechen:</span> 
     </span>
     <span class='ocr_line' id='line_1_37' title="bbox 172 4336 1559 4407; baseline -0.004 -11"><span class='ocrx_word' id='word_1_308' title='bbox 172 4339 381 4396; x_wconf 79' lang='lat' dir='ltr'>Archiv</span> <span class='ocrx_word' id='word_1_309' title='bbox 414 4340 511 4393; x_wconf 80' lang='lat' dir='ltr'>des</span> <span class='ocrx_word' id='word_1_310' title='bbox 549 4337 806 4393; x_wconf 71' lang='lat' dir='ltr'>crim—R.</span> <span class='ocrx_word' id='word_1_311' title='bbox 845 4338 940 4393; x_wconf 80' lang='lat' dir='ltr'>cit.</span> <span class='ocrx_word' id='word_1_312' title='bbox 974 4356 1028 4407; x_wconf 88' lang='lat' dir='ltr'>p.</span> <span class='ocrx_word' id='word_1_313' title='bbox 1066 4337 1164 4392; x_wconf 84' lang='lat'>381</span> <span class='ocrx_word' id='word_1_314' title='bbox 1207 4356 1285 4407; x_wconf 81' lang='lat' dir='ltr'>sq.</span> <span class='ocrx_word' id='word_1_315' title='bbox 1323 4336 1559 4392; x_wconf 81' lang='lat' dir='ltr'>disserit.</span> 
     </span>
    </p>
   </div>
  </div>
 </body>
</html>
