3052 4887
1368 338 1454 401 29

228 532 476 596 reducit
506 533 574 595 in
621 534 900 596 mentem
947 532 1336 596 sententiam
1369 530 1699 596 Saturnini
1740 532 2032 616 jurisque
2074 531 2347 596 Romani
2395 534 2573 617 prin-

229 639 498 723 cipium:
555 643 860 724 »eventus
908 641 1316 721 spectatum«
1370 676 1457 684 -
1506 639 1639 721 (48,
1690 638 1758 720 4)
1805 639 1929 723 leg.
1978 638 2140 703 Jul..
2171 638 2573 703 Modestinus

227 746 271 808 1.
308 746 366 822 7,
417 745 526 826 §3
574 748 872 823 testatur,
923 767 1048 828 quo
1094 745 1236 809 loco
1275 744 1489 827 judex,
1543 767 1705 828 quae
1752 745 1839 808 sit
1884 744 2573 828 laudabilis‘majesta-

225 852 310 915 tis
358 851 737 935 principalis
781 851 1108 916 veneratio
1127 902 1140 929 ‚
1189 872 1529 934 personam
1576 854 1864 934 spectare
1917 851 2179 934 jubetur
2247 873 2369 914 »an
2423 873 2573 934 por—

224 959 423 1022 tuerit
453 957 696 1034 facere3
721 983 748 1016 «
805 957 884 1022 cf.
920 959 1008 1040 (9,
1045 958 1111 1040 2)
1143 958 1267 1042 leg.
1302 957 1432 1021 Jul.
1469 957 1669 1022 adult.
1707 963 1905 1022 661116.
1953 958 2268 1041 Ulpianus
2301 958 2446 1039 (48,
2482 957 2569 1039 5).

222 1102 309 1110 ——-
356 1065 592 1128 Verum
644 1065 720 1127 in
787 1065 828 1129 1.
883 1067 986 1141 54,
1053 1064 1088 1146 ᾖ
1137 1066 1175 1128 2
1242 1064 1434 1128 furtis
1499 1064 1699 1147 Gajus
1762 1060 1895 1149 (47,
1964 1064 2066 1144 2):
2158 1065 2311 1128 »teli
2358 1070 2571 1129 autem

222 1172 637 1254 appelatione
685 1174 749 1233 et
795 1170 1034 1234 ferrum
1079 1181 1145 1235 et
1191 1171 1385 1235 fustis
1435 1174 1501 1233 et
1545 1170 1709 1254 lapis
1743 1174 1810 1234 et
1841 1171 2114 1254 denique
2147 1193 2353 1249 omne,
2402 1172 2571 1255 quod
2619 1156 2622 1159 ⁵

219 1278 493 1342 nocendi
541 1299 730 1342 causa
776 1277 1069 1355 habetur,
1119 1277 1551 1360 significatur,
1577 1302 1605 1335 «
1675 1276 1918 1341 deinde·
1950 1277 2082 1360 (48,
2133 1278 2200 1359 6)
2263 1278 2385 1364 leg.
2434 1276 2567 1341 Jul.

222 1383 285 1446 vi
334 1383 509 1467 publ.
561 1383 821 1447 Paullus
868 1384 908 1448 1.
961 1386 999 1447 9
1056 1388 1376 1446 »armatos
1422 1405 1554 1446 non
1602 1383 1826 1466 utique
1883 1404 1989 1447 eos
2050 1383 2568 1467 intelligerede-

218 1489 440 1553 bemus
463 1540 477 1567 ,
529 1490 638 1572 qui
670 1490 801 1553 tela
845 1489 1218 1566 habuerint,
1270 1490 1378 1552 sed
1427 1489 1623 1553 etiam
1671 1489 1825 1572 quid
1874 1490 2075 1566 aliud,
2127 1489 2297 1572 quod
2343 1512 2568 1554 nocere

219 1599 505 1680 potest,‹
560 1600 1092 1660 commemoratur
1136 1606 1287 1659 usus
1335 1595 1450 1659 teli
1495 1595 1790 1679 idemque
1839 1596 2160 1659 definitur.
2209 1633 2298 1641 -—
2343 1596 2567 1659 Telum

220 1702 567 1767 secundum
615 1726 708 1781 ea,
760 1725 922 1785 quae
969 1703 1010 1766 1.
1065 1704 1191 1766 233
1241 1701 1383 1782 312,
1477 1701 1677 1785 Grajus
1724 1699 1829 1765 VS
1877 1701 2048 1765 dicta
2095 1706 2264 1778 sunt,
2327 1704 2566 1786 figuraa

215 1818 354 1873 tum
402 1813 497 1873 est
544 1831 776 1894 graeca
824 1831 1003 1873 voce:
1067 1803 1184 1869 ἀπὸ
1240 1813 1347 1869 τοῦ
1403 1810 1593 1890 τηλοῦ
1653 1808 1938 1892 ideoque,
1984 1809 2182 1871 telum
2240 1809 2567 1892 significat

212 1916 414 1993 idem,
479 1938 553 1980 66
599 1938 826 2001 graece
868 1910 1074 2000 1βέλος,
1141 1937 1228 1978 se.
1292 1915 1372 1978 ab
1433 1915 1623 1978 initio
1673 1918 1737 1979 et
1784 1936 1859 1979 ex
1905 1938 2022 1978 usu
2069 1919 2208 1978 tum
2255 1916 2563 1999 temporis

211 2022 521 2105 loquendi
567 2022 845 2106 volgari:
903 2021 1113 2105 »quod
1161 2022 1242 2084 ab
1291 2043 1445 2086 arcu
1491 2022 1798 2099 mittitur,
1823 2046 1851 2080 «
1907 2021 2147 2084 11616116
2185 2044 2261 2084 ex
2308 2023 2563 2085 ratione

212 2134 368 2192 tunc
415 2129 723 2212 temporis
773 2132 1064 2192 accurate
1110 2127 1435 2211 loquendi,
1501 2128 1691 2192 sicuti
1740 2125 1917 2214 βέλος
1964 2131 2260 2211 quoquest
2315 2151 2560 2207 »omne,

212 2236 384 2317 quod
430 2257 624 2299 manu
656 2235 977 2298 mittitur«
1031 2235 1373 2318 significat.
1440 2233 1633 2317 Cujus
1665 2235 1951 2299 notionis
1985 2234 2351 2318 Xenophon
2381 2235 2560 2299 Ana-

211 2337 345 2406 bas.
395 2341 474 2407 V.
522 2345 585 2420 2,
642 2344 723 2405 14
772 2342 1066 2426 exempla
1113 2341 1488 2425 proposuit:
1540 2336 1786 2424 λόγχαι,
1832 2337 2165 2424 τοξεύματα
2214 2342 2563 2426 (significat

212 2449 384 2532 quod
429 2450 509 2513 ab
558 2472 710 2513 arcu
757 2449 1065 2526 mittitur,
1134 2449 1300 2512 sieut
1358 2449 1557 2512 telum
1606 2449 1927 2512 communi
1971 2448 2257 2530 nomine)
2307 2446 2561 2532 σφενδό-

211 2577 333 2634 ναι,
398 2554 587 2635 λίθοι,
653 2555 850 2639 Gajus
908 2577 1056 2619 vero
1102 2556 1410 2639 lapidem,
1461 2555 1747 2639 lignum,
1796 2555 2053 2619 ferrum.
2154 2556 2319 2619 Dum
2366 2578 2561 2640 supra

208 2661 250 2726 l.
302 2685 354 2727 6.
406 2661 669 2727 Paullus
713 2662 836 2726 hoc
881 2683 1117 2726 nomen
1169 2662 1238 2725 111
1294 2662 1435 2745 jure
1491 2648 1811 2725 criminali
1871 2662 2203 2745 proprium
2250 2685 2561 2747 usurpare

208 2770 495 2846 videtur,
558 2770 695 2852 ipse
743 2769 886 2832 aliis
932 2769 1090 2832 locis
1154 2768 1305 2832 Rec.
1356 2767 1532 2832 Sent.
1583 2768 1662 2846 V,
1714 2771 1773 2832 3.
1825 2769 1859 2851 ἓ
1912 2770 1951 2832 3
2000 2770 2336 2832 admonet:
2396 2767 2559 2833 telo·-

206 2899 350 2940 rum
399 2875 837 2959 appellatione
885 2875 1118 2953 omnia,
1168 2897 1244 2938 ex
1292 2875 1525 2958 quibus
1573 2876 1767 2939 saluti
1815 2875 2095 2940 hominis
2145 2875 2363 2940 noceri
2408 2898 2558 2959 pos-

184 2984 324 3062 sit,
379 2982 869 3066 accipiuntur,‹
932 2983 998 3045 in
1061 2982 1291 3047 Collat.
1340 2982 1501 3047 Mos,
1553 2987 1619 3046 et
1665 2982 1846 3048 Rom.
1894 2983 2111 3067 legum
2153 2982 2205 3046 Ι.
2259 2984 2360 3048 13.
2409 2982 2446 3066 ξ
2496 2986 2553 3047 2.

211 3090 366 3153 »teli
422 3093 636 3153 autem
699 3088 1133 3172 appellatione
1193 3110 1326 3153 non
1387 3092 1643 3152 tantum
1703 3088 1941 3152 sermm
1991 3090 2389 3168 continetur,
2446 3091 2559 3153 sed

205 3215 414 3273 omne,
467 3196 637 3279 quod
684 3196 955 3259 nocendi
1003 3218 1193 3260 eausa
1240 3199 1569 3279 portatum
1616 3198 1773 3260 est«
1850 3194 2137 3259 »Deinde
2170 3194 2369 3279 Gajus
2415 3196 2457 3260 1.
2502 3218 2552 3259 6.

203 3304 552 3368 admonere
599 3324 715 3366 nos
762 3303 1040 3380 videtur,
1092 3301 1562 3366 Prudentiores*
1588 3302 1857 3385 jamjam
1903 3320 1981 3365 ex
2024 3302 2165 3386 lege
2211 3301 2338 3365 XII
2369 3303 2556 3366 tabu-

198 3411 414 3475 larum
460 3432 594 3475 non
639 3409 829 3473 modo
879 3431 1030 3473 voce
1087 3409 1200 3473 teli
1248 3431 1455 3474 nocua
1512 3408 1825 3491 quaedam
1890 3409 2318 3472 instrumenta
2382 3429 2554 3472 com-

202 3517 430 3602 plecti,
483 3516 592 3579 sed
640 3517 863 3592 etiam,
915 3516 1232 3599 quomodo
1282 3516 1539 3580 differat
1585 3514 1765 3579 notio
1814 3514 1882 3578 in
1916 3516 2060 3597 jure
2094 3514 2410 3578 criminali
2443 3515 2555 3578 ob-

199 3628 458 3689 servata
506 3644 543 3686 a
590 3622 791 3706 priori
834 3622 1226 3706 propriaque
1272 3622 1573 3700 notione,
1623 3626 1862 3686 certam
1916 3621 2069 3684 huic
2098 3622 2408 3686 vocabulo
2456 3626 2554 3685 at—

197 3730 507 3794 tribuisse
552 3730 883 3794 notionem
930 3728 1223 3812 periculi,
1273 3727 1369 3791 ita
1414 3732 1488 3791 ut
1534 3729 1846 3812 injustum
1893 3750 2216 3793 armorum
2246 3750 2432 3792 usum
2479 3750 2555 3793 ea

195 3842 460 3902 tantum
509 3836 875 3900 conditione
921 3835 1137 3919 puniri
1183 3834 1530 3913 voluerint,
1579 3836 1633 3898 si
1678 3835 2177 3899 instrumentum
2222 3835 2555 3919 quodlibet
2657 3873 2660 3875 >

195 3943 564 4008 adhibitum
625 3942 819 4007 fuerit
873 3942 1136 4006 noxium
1198 3942 1494 4025 idemque
1551 3942 2011 4025 periculosum,
2074 3942 2316 4007 scilicet
2374 3944 2444 4006 in
2490 3946 2553 4006 vi

198 4050 482 4135 publica,
532 4049 598 4112 in
647 4047 821 4112 furto
870 4053 1136 4126 armatO,
1184 4050 1253 4112 in
1300 4048 1665 4127 homicidio,
1716 4071 1841 4132 quo
1887 4050 1953 4111 in
2002 4049 2265 4113 crimine
2313 4071 2389 4112 ex
2436 4071 2552 4112 na-

196 4162 348 4222 tura
398 4177 475 4221 ac
522 4154 840 4239 qualitate
888 4155 1057 4219 illius
1104 4155 1523 4219 instrumenti
1570 4155 1913 4238 periculosi
1945 4156 2146 4221 veluti
2191 4156 2393 4241 gladii
2440 4160 2553 4220 aut

195 4286 346 4328 vero
397 4262 596 4327 clavis
655 4284 1067 4326 cuccumaeve
1114 4262 1420 4325 indicium
1466 4284 1653 4345 posse
1700 4263 1962 4346 percipi,
2012 4267 2223 4327 utrum
2273 4263 2419 4327 dolo
2469 4286 2551 4327 611

197 4370 391 4453 culpa
456 4389 728 4453 casuque
784 4369 1202 4432 homicidium
1264 4369 1348 4433 sit
1403 4369 1747 4432 admissum
1806 4368 2176 4432 Hadrianus
2221 4370 2552 4453 rescripsit
