3052 4887
1436 1404 1967 1479 V1TA-

1593 1577 1804 1585 ———

523 1660 970 1765 Theodorus
1000 1705 1311 1783 Boettig
1340 1709 1514 1765 natus
1540 1725 1669 1764 sum
1692 1705 1767 1764 ab
1789 1706 2106 1765 Ernesto
2137 1707 2440 1785 Roettig
2476 1711 2537 1766 et
2559 1708 2872 1768 Natalia

523 1830 553 1870 e
587 1814 760 1888 gente
792 1812 1139 1871 Huebner
1169 1812 1476 1884 MulhusiS‚
1513 1812 1785 1886 oppidulo
1816 1811 1879 1870 in
1910 1812 2325 1872 Saxoborussia
2367 1814 2460 1872 die
2490 1815 2600 1873 Π[.
2633 1835 2712 1873 111.
2744 1815 2868 1873 Jul.

522 1936 679 1975 anno
725 1916 899 1991 hujus
945 1918 1157 1977 saeculi
1202 1918 1408 1976 XLIV.
1501 1918 1666 1976 Fidei
1695 1918 2060 1995 evangelicae
2092 1918 2359 1978 addictus
2391 1939 2535 1978 sum.
2633 1920 2871 1980 Gratias

523 2023 618 2081 hic
645 2023 900 2082 libenter
929 2043 1037 2102 ago
1068 2024 1353 2083 maximas
1386 2024 1748 2098 parentibuS‚
1784 2023 1937 2098 quod
1968 2023 2209 2082 educare
2241 2028 2298 2082 et
2330 2027 2584 2084 excolere
2616 2045 2707 2086 me
2737 2027 2873 2085 dili-

521 2129 683 2206 genti
715 2148 887 2189 curae
919 2130 1030 2189 sibi
1061 2130 1362 2189 habebant
1394 2149 1500 2189 nec
1530 2130 1722 2189 minus
1752 2149 1924 2201 nunc,
1959 2150 2133 2204 quom
2166 2130 2408 2201 adolevi,
2454 2131 2748 2192 beneficiis
2778 2153 2874 2192 me

522 2235 896 2312 obstringunt
952 2240 1011 2295 et
1063 2237 1276 2296 amoris
1324 2232 1522 2296 eximii
1572 2235 2022 2294 innumerabilia
2069 2236 2214 2294 mihi
2264 2241 2584 2314 congerunt
2632 2238 2872 2297 indicia.

523 2341 710 2411 Quam
740 2341 905 2400 dulce
934 2342 1062 2402 ideo
1094 2342 1443 2414 meminisse,
1483 2342 1639 2417 apud
1667 2341 1801 2400 illos
1831 2342 2039 2419 degere
2070 2361 2180 2416 usq
2189 2361 2261 2400 uc
2292 2343 2369 2401 ad
2396 2344 2629 2417 plenam
2659 2344 2875 2418 puber-

521 2451 726 2519 tatem,
774 2449 1240 2525 quandoquidem
1283 2451 1443 2525 lyceo
1488 2450 1837 2508 Mulhusano
1856 2494 1869 2521 ,
1926 2450 2019 2508 cui
2062 2450 2320 2527 insignes
2358 2450 2547 2509 adhuc
2588 2455 2878 2525 praesunt

522 2558 923 2629 praeceptores
952 2555 1220 2629 inprimis
1239 2600 1252 2627 ‚
1299 2555 1465 2630 cujus
1509 2555 1841 2630 saepissime
1884 2556 1948 2613 in
1975 2555 2341 2633 philologieis
2373 2556 2610 2630 scriptis
2643 2576 2881 2633 quoque

519 2660 862 2733 perhibetur
891 2662 1228 2731 auctoritas,
1262 2661 1460 2719 Ameis
1495 2693 1565 2702 —
1608 2681 1819 2721 nomen
1851 2662 1975 2736 ejus
2008 2660 2257 2720 editione
2288 2662 2530 2720 Homeri
2554 2661 2877 2739 Odysseae,

521 2765 685 2840 cujus
704 2766 953 2825 maximo
966 2786 1058 2825 me
1073 2786 1266 2825 amore
1283 2773 1407 2827 tam
1420 2768 1703 2842 praeclari
1718 2771 1922 2842 poetae
1935 2767 2169 2838 imbuit,
2196 2768 2353 2842 apud
2368 2768 2662 2828 eruditum
2675 2789 2888 2844 quem-

525 2892 638 2948 que
668 2873 926 2932 innotuit
962 2905 1030 2913 -
1074 2874 1343 2932 inducere
1388 2893 1479 2931 me
1510 2893 1625 2933 non
1657 2874 2091 2933 dubitaverunt.
2192 2874 2431 2932 Praeter
2460 2874 2628 2933 illum
2658 2876 2887 2935 referre

524 2978 759 3037 nomina
781 2978 1083 3038 directoris
1106 2980 1424 3055 gymnasii:
1449 2980 1629 3039 Haun
1653 2980 2013 3055 aliorumque
2038 2979 2478 3056 magistrorum:
2504 2981 2756 3055 Hasper,
2788 2982 2892 3040 cui

522 3084 777 3160 plurima
800 3084 974 3152 debeo
993 3085 1274 3157 Fahland,
1296 3087 1537 3158 Roseck,
1559 3086 1713 3158 Vitz,
1735 3086 1946 3156 Becke,
1969 3085 2193 3161 Dilling
2216 3104 2332 3144 non
2354 3086 2593 3160 pietatis
2616 3090 2892 3146 tantum·

523 3191 690 3251 modo
722 3190 908 3250 officio
939 3192 1270 3251 continetur
1301 3192 1401 3250 sed
1430 3192 1624 3267 animo
1669 3210 1761 3249 me
1806 3191 2045 3265 obsequi
2074 3209 2199 3249 meo
2231 3192 2523 3263 confiteor,
2559 3212 2746 3268 quum
2775 3193 2891 3253 hoc

484 3353 487 3356 ,
526 3298 714 3356 facere
740 3297 1225 3372 jucundissimum
1258 3298 1355 3369 sit,
1391 3298 1545 3373 quod
1576 3298 1789 3356 amoris
1820 3316 1993 3356 causa
2022 3297 2107 3357 fit.
2164 3297 2464 3356 Absolutis
2495 3297 2557 3355 in
2580 3297 2686 3357 hoc
2708 3319 2888 3376 gym-

525 3403 688 3462 nasio
733 3403 943 3462 studiis
988 3403 1309 3463 instructus
1351 3404 1717 3464 maturitatis
1760 3403 2095 3463 testimonio
2138 3404 2586 3481 Heidelbergam
2631 3404 2719 3464 ire
2754 3423 2898 3465 con-

528 3510 698 3569 stitui
738 3510 930 3569 animo
971 3511 1160 3569 adhuc
1205 3510 1503 3569 titubante
1522 3555 1535 3581 ,
1583 3514 1784 3569 utrum
1826 3509 2233 3585 philosophicis
2274 3510 2506 3568 omnino
2547 3510 2897 3570 incumbam

526 3615 739 3675 studiis
769 3634 846 3674 an
857 3615 1381 3691 jurisprudentiae.
1433 3616 1517 3675 Ae
1541 3620 1696 3675 certe
1721 3616 2172 3693 Vangerovium‚
2202 3616 2497 3692 egregium
2520 3616 2688 3674 illum
2713 3636 2899 3692 prae-

523 3725 813 3796 ceptorem
841 3722 879 3779 J
881 3723 1004 3781 uris
1035 3722 1226 3781 civilis
1257 3726 1398 3796 puto
1429 3722 1708 3781 excitasse
1766 3741 1858 3779 me
1904 3721 2111 3780 scholis
2154 3721 2223 3779 de
2253 3721 2559 3780 Pandectis
2591 3722 2902 3783 luculente

523 3828 822 3902 explicatis
853 3827 927 3886 ad
957 3828 1219 3886 studium
1241 3829 1394 3903 juris
1427 3829 1721 3887 scientiae.
1824 3827 1945 3886 Nec
1996 3807 2151 3885 certe
2193 3846 2323 3901 spes
2367 3846 2459 3885 me
2502 3826 2717 3886 fefellit
2739 3874 2753 3901 ‚
2802 3848 2907 3888 res

526 3933 902 4010 gravissimas
944 3934 1296 4011 dignasque,
1352 3934 1416 3992 in
1459 3933 1673 4009 quibus
1716 3934 1947 3993 animus
1989 3936 2302 4007 occupetur
2324 3977 2337 4004 ‚
2409 3933 2471 3990 in
2516 3932 2623 3991 hac
2656 3953 2903 4010 quoque

523 4042 691 4113 parte
723 4039 1098 4099 scientiarum
1127 4040 1397 4098 inveniri.
1491 4039 1736 4098 Nullam
1778 4039 2014 4115 quidem
2064 4039 2240 4097 aliam
2271 4042 2496 4097 exstare
2527 4042 2671 4112 puto
2703 4041 2906 4099 scien·-

525 4145 690 4216 tiam,
725 4163 872 4220 quae
906 4146 1096 4220 aptior
1126 4146 1204 4205 sit
1234 4146 1309 4205 ad
1337 4146 1591 4206 indolem
1609 4147 1725 4205 viri
1748 4145 2052 4221 propositi,
2086 4144 2241 4220 quod
2265 4144 2500 4220 quidem
2521 4145 2902 4220 probaverit,

527 4251 767 4321 tenaciS,
793 4252 1185 4310 excolendam!
1219 4283 1308 4292 —
1337 4252 1506 4310 Illinc
1530 4252 1792 4325 Lipsiam
1815 4251 2109 4326 profectus
2133 4270 2250 4309 non
2271 4250 2464 4308 minus
2488 4251 2711 4323 laetor‚·
2729 4253 2904 4327 quod

415 4404 423 4411 .
527 4357 774 4416 facultas
804 4358 949 4415 mihi
980 4355 1135 4417 facta
1166 4361 1293 4416 erat
1323 4357 1655 4417 Waechteri
1673 4403 1687 4430 ,
1736 4376 1908 4433 quem
1939 4375 2136 4416 omnes
2194 4356 2270 4415 ad
2301 4376 2480 4414 unum
2512 4363 2914 4430 venerantur,

2903 4551 3011 4632 *4
