3052 4887
1385 319 1420 381 7
1505 271 1509 275 ,

227 510 639 587 incantassit,
688 509 1008 592 parricida
1054 515 1211 587 est0,
1237 535 1266 569 «
1321 513 1626 574 conatum
1672 510 2005 575 homicidii
2052 533 2193 574 cum
2239 510 2578 575 inutilibus

228 617 676 683 instrumentis
738 616 1229 699 intelligendum
1288 639 1424 681 esse
1473 617 1618 700 quis
1666 620 1893 700 putare
1951 617 2201 683 debeat.
2294 617 2579 682 Primum

228 726 485 809 quidem
531 724 769 788 malum
818 706 1111 801 carmen,
1153 727 1227 795 ut
1265 724 1404 807 jam
1450 724 1700 806 adjecto
1748 723 1942 788 verbo
1996 724 2323 787 »malum«
2377 747 2579 807 appa-

227 836 347 909 ret,
398 831 556 896 utile
604 834 670 895 et
716 831 1016 895 idoneum
1061 830 1335 894 habetur
1367 830 1887 894 instrumentum.
1968 829 2194 894 Luden
2223 830 2579 896 rectissime

226 939 295 1002 id
344 938 598 1021 quidem
647 940 1103 1001 commemorat
1123 986 1138 1014 ,
1202 959 1396 1019 quom
1443 938 1609 1000 alter
1654 937 1719 999 in
1771 936 2036 1001 alterius
2084 937 2433 1021 perniciem
2478 937 2578 1000 in-

225 1045 409 1109 ferna
464 1043 730 1107 numina
791 1043 1212 1121 invocaverit,
1276 1044 1541 1107 eundem
1604 1043 1734 1106 illis
1792 1043 2091 1107 devotum
2155 1066 2228 1107 ac
2290 1029 2579 1107 deditum

225 1173 360 1215 sese
402 1152 540 1235 jam
587 1172 719 1214 esse
766 1151 1050 1228 credere,
1100 1151 1353 1214 credere
1391 1149 1498 1232 jus
1558 1149 1730 1213 vitae
1777 1150 2241 1214 valetudinisve
2280 1151 2418 1233 jam
2465 1151 2581 1213 ob-

227 1262 577 1323 trectatum
624 1278 780 1323 esse.
827 1294 915 1302 -—
961 1256 1187 1340 Neque
1220 1279 1297 1320 ex
1329 1256 1655 1340 superiore
1704 1278 1854 1320 casu
1900 1278 2106 1338 neque
2156 1279 2232 1320 ex
2277 1257 2402 1320 hac
2431 1257 2575 1340 lege

224 1367 530 1428 conatum
575 1363 910 1426 inutilibus
958 1362 1405 1426 instrumentis
1451 1366 1803 1440 tentatum,
1853 1363 1906 1426 si
1954 1362 2212 1447 quidem
2260 1386 2293 1426 e
2339 1347 2573 1427 Roma-

225 1493 457 1535 norum
503 1473 717 1534 mente
764 1491 838 1533 ac
884 1492 1078 1533 sensu
1124 1469 1540 1551 interpretari
1586 1469 1909 1547 volumuS‚
1970 1469 2370 1552 puniendum
2430 1492 2563 1534 esse

225 1599 563 1661 possumus
610 1580 916 1641 statuere.
972 1613 1052 1621 —
1101 1574 1237 1639 Nec
1284 1575 1573 1659 alioquin
1603 1575 1794 1640 nobis
1827 1576 2155 1658 probatur,
2206 1577 2376 1660 quod
2408 1577 2612 1647 idem5

226 1683 453 1748 Luden
485 1682 912 1746 theocraticas
944 1682 1228 1746 rationes
1269 1682 1417 1745 illas
1449 1682 1707 1766 longius
1724 1683 1770 1764 1)
1818 1686 2089 1762 secutuS,
2138 1683 2571 1761 eodemmodO,

223 1790 347 1869 ait,
408 1789 713 1867 0011011οε,
777 1810 972 1870 quae,
1023 1789 1190 1852 sicut
1234 1788 1597 1853 incantatio
1644 1788 1788 1865 illa,
1831 1789 1978 1871 jura
2024 1788 2306 1867 laedunt,
2354 1790 2572 1873 puniri

224 1918 298 1959 00
343 1894 792 1979 parricidium,
843 1917 1006 1977 quae
1053 1898 1282 1958 cuncta
1324 1895 1562 1959 scelera
1612 1894 1893 1958 admissa
1934 1895 2066 1958 sint
2097 1895 2167 1958 in
2196 1896 2575 1980 religionem

226 2024 299 2066 ac
347 2001 908 2084 superstitionem:
979 2025 1007 2058 »
1029 2002 1150 2066 Die
1197 2001 1632 2084 Vers'ohnung
1680 2001 1790 2065 der
1835 2000 2226 2085 beleidigten
2276 2000 2575 2066 Gottheit

224 2131 356 2172 war
403 2107 575 2171 wohl
622 2107 733 2171 der
776 2106 1370 2191 hauptsachlichste
1419 2107 1986 2190 Gesichtspunkt.«
2061 2107 2376 2190 Equidem
2423 2109 2573 2172 tali-

225 2216 411 2279 modo
461 2214 537 2278 de
582 2215 845 2281 numine
892 2214 1151 2298 ejusque
1197 2214 1467 2298 imperio
1515 2213 1806 2277 homines
1852 2215 2170 2297 cogitasse
2215 2237 2346 2279 non
2381 2218 2572 2298 9111οἐ-

227 2321 453 2398 verim,
504 2320 614 2403 qui
648 2324 834 2384 erant
866 2321 1123 2384 illorum
1154 2325 1512 2405 temporum
1545 2322 1734 2385 rudes
1768 2324 1832 2384 et
1864 2320 2074 2403 asperi
2104 2334 2328 2386 mores.
2421 2321 2573 2386 Non

224 2427 453 2504 illum,
483 2450 672 2510 quem
721 2426 943 2492 Luden
992 2431 1217 2510 putat,
1268 2426 1454 2491 deum
1499 2427 1848 2505 infernum,
1912 2427 2023 2511 qui
2082 2431 2306 2492 auctor
2352 2428 2574 2493 damni

224 2535 570 2600 arcessitur
629 2535 956 2617 precibUS,
1019 2535 1127 2600 sed
1187 2535 1367 2598 illum
1423 2536 1637 2618 potius
1708 2535 2055 2598 arbitrarer
2118 2535 2573 2618 magistratum

220 2641 660 2705 Romanorum
721 2641 1037 2705 studuisse
1095 2642 1383 2724 placare,
1451 2641 1553 2705 cui
1613 2663 1745 2719 res,
1819 2663 1977 2723 quas
2038 2645 2111 2705 ut
2175 2641 2568 2723 deperderet,

223 2729 458 2832 aliquis
505 2769 768 2831 operam
800 2747 1002 2825 dedit,
1054 2750 1462 2811 consecratae
1494 2752 1714 2824 erant,
1764 2747 1955 2811 sicuti
1984 2747 2054 2809 in
2085 2750 2569 2812 excantatorum

219 2855 545 2919 fructuum
605 2854 898 2931 crimine,
969 2858 1363 2937 quapropter
1427 2853 1637 2917 Cereri
1697 2859 2005 2935 tanquam
2077 2853 2370 2917 dominae
2436 2854 2571 2917 fru-

219 2966 441 3025 ctuum
505 2964 939 3043 patronaeque
999 2960 1456 3044 agriculturae,
1514 2960 1568 3023 is
1630 2959 1740 3041 qui
1798 2959 2196 3024 infernorum
2259 2983 2379 3043 ope
2424 2960 2569 3024 illos

217 3069 680 3151 perempserat,
731 3066 1049 3130 immolari
1095 3066 1377 3141 solebat,
1441 3087 1575 3129 non
1632 3088 1812 3130 secus
1873 3089 2066 3149 quam
2118 3066 2187 3129 in
2245 3066 2572 3136 fructuum

221 3174 394 3238 furto
443 3172 1082 3237 animadvertebatur
1128 3170 1552 3255 durissime2).
1631 3172 1858 3255 Neque
1904 3195 1981 3236 ex
2026 3171 2148 3236 hac
2193 3173 2334 3257 lege
2381 3174 2571 3257 puni-

220 3281 372 3345 endi
427 3280 572 3355 illa,
637 3301 830 3361 quam
885 3278 1108 3343 Luden
1179 3280 1538 3356 contendit,
1605 3278 1774 3342 ratio
1838 3300 2045 3361 neque
2084 3302 2181 3343 ex
2246 3280 2570 3362 superiore

218 3388 392 3464 1000,
444 3387 523 3449 (10
572 3407 698 3468 quo
744 3385 853 3449 ille
900 3385 1174 3468 scriptor
1219 3385 1290 3447 in
1337 3386 1541 3449 abusu
1585 3389 1840 3448 tantum
1888 3386 2124 3449 artium
2172 3387 2570 3470 magicarum

219 3497 281 3557 et
326 3493 791 3576 imprecatione
839 3491 1164 3576 puniendo
1210 3496 1513 3558 navatam
1562 3513 1695 3555 esse
1726 3491 2039 3556 Romanis
2081 3513 2343 3576 operam
2391 3493 2565 3571 dicit,

220 3599 498 3664 derivari
545 3600 780 3680 potest,
831 3598 1077 3664 scilicet
1122 3602 1216 3677 ut,
1278 3599 1390 3681 qui
1450 3598 1691 3662 talibus
1752 3598 2319 3681 imprecationibus
2368 3600 2569 3664 offen-

528 3743 648 3750 —-.---.

399 3829 441 3897 1)
492 3829 566 3885 cf.
611 3845 754 3898 quae
802 3829 1086 3899 eleganter
1134 3829 1360 3899 exponit
1410 3831 1476 3883 (10
1513 3828 1600 3883 his
1636 3828 1942 3884 rationibus
1979 3829 2136 3896 Rem,
2176 3828 2437 3884 crim-R.
2474 3832 2572 3885 der

218 3919 419 3974 Homer
455 3938 510 3989 p.
551 3918 636 3983 25,
673 3918 816 3988 inpr.
855 3920 921 3971 27
960 3937 1039 3987 sq.
1078 3921 1135 3972 et
1171 3938 1224 3987 p.
1265 3920 1331 3972 26
1368 3918 1495 3975 Not.
1535 3917 1656 3975 citt.

398 4005 441 4076 ²)
490 4008 711 4076 Abegg,
763 4008 830 4060 de
867 4006 1248 4075 antiquissimo
1285 4007 1653 4078 Romanorum
1687 4007 1814 4077 jure
1850 4006 2151 4073 criminali,
2199 4008 2569 4062 Romanorum

210 4098 302 4167 jus
328 4095 596 4166 puniendi
621 4094 846 4150 minime
872 4098 1051 4150 totum
1072 4113 1137 4149 ex
1163 4086 1512 4150 theocrati‘cis
1539 4095 1847 4150 rationibus
1868 4113 2019 4165 posse
2045 4096 2280 4150 derivari
2300 4098 2471 4162 docet,
2499 4097 2570 4151 cf.

214 4202 380 4255 quern
419 4185 539 4238 illic
576 4183 796 4238 citavit:
835 4183 1088 4250 Welker,
1127 4184 1228 4238 Die
1264 4185 1467 4238 letzten
1505 4184 1723 4239 Grunde
1759 4203 1811 4241 v.
1850 4184 2055 4251 Recht,
2094 4185 2255 4239 Staat
2293 4205 2343 4238 u.
2370 4184 2569 4242 Strafe.
2595 4235 2622 4248 K

220 4275 377 4339 1813,
414 4292 468 4343 p.
511 4274 630 4327 536.
687 4292 737 4327 v.
763 4273 962 4343 Abegg
1001 4293 1054 4342 p.
1082 4274 1168 4339 32,
1206 4273 1335 4328 Not.
1364 4274 1448 4327 43.
1486 4292 1540 4343 p.
1567 4275 1653 4327 43.
1690 4274 1721 4341 ἓ
1761 4274 1828 4327 26
1866 4292 1946 4343 sq.
1984 4278 2013 4337 ἓ
2042 4274 2125 4328 28.
2182 4273 2339 4340 Rein,
2379 4272 2568 4332 crim.-

216 4362 281 4416 R.
320 4381 374 4432 p.
413 4363 482 4416 27
490 4363 645 4418 -36,
